=LDR  01767cam a2200481 c 4500
=001  990000004004702202
=005  20230308121728.0
=007  cr||||||||||||
=007  ta
=008  150506s2000\\\\no#|||||\|||||000|1|nob|\
=014  1\$a00000040x$b(NO-TrBIB)
=014  1\$a00000040x$b(NO-TrBIB)
=015  \\$a0006820$2nbf
=020  \\$a8202188296$qh.$cNkr 98.00
=035  \\$a(EXLNZ-47BIBSYS_NETWORK)990000004004702201
=035  \\$a(NO-TrBIB)00000040x
=035  \\$a(NO-TrBIB)133125785
=035  \\$a00000040x-47bibsys_network
=035  \\$a00ga04615-47bibsys_nb
=035  \\$a00sa00003-47bibsys_nb
=040  \\$aNO-OsNB$bnob$ekatreg
=042  \\$anorbibl
=044  \\$cno
=082  74$a839.823$qNO-OsNB$24/nor
=100  1\$aFossum, Karin$d1954-$0(NO-TrBIB)90608300
=245  10$aSe deg ikke tilbake! :$bkriminalroman$cKarin Fossum
=260  \\$a[Oslo]$bCappelen$c2000
=300  \\$a275 s.
=490  1\$aCUB
=500  \\$a1. utg. 1996
=533  \\$aElektronisk reproduksjon$b[Norge]$cNasjonalbiblioteket Digital$d2013-08-30
=830  \0$aCUB
=852  8\$b0030100$cg00005$hNA/A 2000:1418
=852  8\$b0183334$cg00001
=856  40$3$yNB Digital$uhttp://urn.nb.no/URN:NBN:no-nb_digibok_2013083008214$z
=856  40$3Fulltekst$uhttps://urn.nb.no/URN:NBN:no-nb_digibok_2013083008214$yNettbiblioteket$zDigital representasjon
=856  42$3Forlagets beskrivelse (lang)$uhttps://contents.bibs.aws.unit.no/?isbn=8202188296
=859  \\$a0030100$bg00005$cNA/A 2000:1418$f0$h0$x2015-10-31
=859  \\$a0183334$bg00001$f0$h0$x2015-10-31
=876  \\$a00ga04615$d20000329$jkat$p00ga04615$r00ga04615$wBOOK$z(h.) (Til bruk på NB Oslos lesesal)
=876  \\$a00sa00003$d20000103$jkat$p00sa00003$r00sa00003$wBOOK
=901  \\$a90
=913  \\$aNorbok$bNB

