=LDR  01156cam a2200361 c 4500
=001  990003044924702202
=005  20160622111718.0
=007  ta
=008  150106s1999\\\\xx#|||||||||||000|1|swe|\
=014  1\$a000304492$b(NO-TrBIB)
=015  \\$a0105833$2nbf
=020  \\$a9137114980$qib.
=035  \\$a(EXLNZ-47BIBSYS_NETWORK)990003044924702201
=035  \\$a(NO-TrBIB)000304492
=035  \\$a000304492-47bibsys_network
=035  \\$a00ga02992-47bibsys_nb
=040  \\$aNO-OsNB$bnob$ekatreg
=041  1\$hnob
=042  \\$anorbibl
=044  \\$cse
=082  74$a839.823$qNO-OsNB$24/nor
=100  1\$aFossum, Karin$d1954-$0(NO-TrBIB)90608300
=245  10$aDen som fruktar vargen$cKarin Fossum ; översättning Helena och Ulf Örnkloo
=246  1\$aDen som frykter ulven$iOriginaltittel
=260  \\$aStockholm$bForum$c1999
=300  \\$a209 s.
=852  8\$b0030100$cg00005$hNA/A 2001:761
=859  \\$a0030100$bg00005$cNA/A 2001:761$f0$h0$x2015-10-31
=876  \\$a00ga02992$d20010122$jkat$p00ga02992$r00ga02992$wBOOK$xHe$z(ib.) (Til bruk på NB Oslos lesesal)
=901  \\$a90
=913  \\$aNorbok$bNB
=960  \\$an$9LOCAL
=997  \\$an$9LOCAL

