=LDR  01152cam a2200361 c 4500
=001  990003758534702202
=005  20160622111722.0
=007  ta
=008  110826s2000\\\\xx#|||||||||||000|1|swe|\
=014  1\$a000375853$b(NO-TrBIB)
=015  \\$a0106776$2nbf
=020  \\$a9176435865$qh.
=035  \\$a(EXLNZ-47BIBSYS_NETWORK)990003758534702201
=035  \\$a(NO-TrBIB)000375853
=035  \\$a000375853-47bibsys_network
=035  \\$a00ga03725-47bibsys_nb
=040  \\$aNO-OsNB$bnob$ekatreg
=041  1\$hnob
=042  \\$anorbibl
=044  \\$cse
=082  74$a839.823$qNO-OsNB$24/nor
=100  1\$aFossum, Karin$d1954-$0(NO-TrBIB)90608300
=245  10$aSe dig inte om$cKarin Fossum ; översättning Helena & Ulf Örnkloo
=246  1\$aSe deg ikke tilbake!$iOriginaltittel
=260  \\$a[Stockholm]$bMånPocket$c2000
=300  \\$a233 s.
=852  8\$b0030100$cg00005$hNA/A 2001:1582
=859  \\$a0030100$bg00005$cNA/A 2001:1582$f0$h0$x2015-10-31
=876  \\$a00ga03725$d20010116$jkat$p00ga03725$r00ga03725$wBOOK$xHe$z(h.) (Til bruk på NB Oslos lesesal)
=901  \\$a90
=913  \\$aNorbok$bNB
=960  \\$an$9LOCAL
=997  \\$an$9LOCAL

