=LDR  01181cam a2200361 c 4500
=001  990004859774702202
=005  20160622111730.0
=007  ta
=008  110826s2000\\\\xx#|||||||||||000|1|ger|\
=014  1\$a000485977$b(NO-TrBIB)
=015  \\$a0006741$2nbf
=020  \\$a3492040403$qib.
=035  \\$a(EXLNZ-47BIBSYS_NETWORK)990004859774702201
=035  \\$a(NO-TrBIB)000485977
=035  \\$a000485977-47bibsys_network
=035  \\$a00ga04282-47bibsys_nb
=040  \\$aNO-OsNB$bnob$ekatreg
=041  1\$hnob
=042  \\$anorbibl
=044  \\$cde
=082  74$a839.823$qNO-OsNB$24/nor
=100  1\$aFossum, Karin$d1954-$0(NO-TrBIB)90608300
=245  10$aWer hat Angst vorm bösen Wolf :$bRoman$cKarin Fossum ; aus dem Norwegischen von Gabriele Haefs
=246  1\$aDen som frykter ulven$iOriginaltittel
=260  \\$aMünchen$bPiper$ccop. 2000
=300  \\$a319 s.
=852  8\$b0030100$cg00005$hNA/A 2000:1461
=859  \\$a0030100$bg00005$cNA/A 2000:1461$f0$h0$x2015-10-31
=876  \\$a00ga04282$d20000324$jkat$p00ga04282$r00ga04282$wBOOK$xBDS$z(ib.) (Til bruk på NB Oslos lesesal)
=901  \\$a90
=913  \\$aNorbok$bNB
=960  \\$an$9LOCAL
=997  \\$an$9LOCAL

