=LDR  01686cam a2200469 c 4500
=001  990007429964702202
=005  20230227124238.0
=007  cr||||||||||||
=007  ta
=008  110826s2000\\\\no#|||||\|||||000|1|nob|\
=014  1\$a000742996$b(NO-TrBIB)
=014  1\$a000742996$b(NO-TrBIB)
=015  \\$a0007931$2nbf
=020  \\$a8202201233$qh.$cNkr 54.00
=035  \\$a(EXLNZ-47BIBSYS_NETWORK)990007429964702201
=035  \\$a(NO-TrBIB)000742996
=035  \\$a(NO-TrBIB)100096506
=035  \\$a000742996-47bibsys_network
=035  \\$a00ga08351-47bibsys_nb
=035  \\$a00sa08483-47bibsys_nb
=040  \\$aNO-OsNB$bnob$ekatreg
=042  \\$anorbibl
=044  \\$cno
=082  74$a839.823$qNO-OsNB$24/nor
=100  1\$aFossum, Karin$d1954-$0(NO-TrBIB)90608300
=245  10$aSe deg ikke tilbake$cKarin Fossum
=260  \\$a[Oslo]$bCappelen$c2000
=300  \\$a275 s.
=490  1\$aCappelen krim$v19
=500  \\$a1. utg. 1996
=533  \\$aElektronisk reproduksjon$b[Norge]$cNasjonalbiblioteket Digital$d2008-10-17
=830  \0$aCappelen krim$v19
=852  8\$b0030100$cg00005$hNA/A 2000:2522
=852  8\$b0183334$cg00001$hc
=856  40$3$yNB Digital$uhttp://urn.nb.no/URN:NBN:no-nb_digibok_2008101704028$z
=856  41$3Fulltekst$uhttps://urn.nb.no/URN:NBN:no-nb_digibok_2008101704028$yNettbiblioteket$zDigital representasjon
=859  \\$a0030100$bg00005$cNA/A 2000:2522$f0$h0$x2015-10-31
=859  \\$a0183334$bg00001$cc$f0$h0$x2015-10-31
=876  \\$a00ga08351$d20000609$jkat$p00ga08351$r00ga08351$wBOOK$z(h.) (Til bruk på NB Oslos lesesal)
=876  \\$a00sa08483$d20000523$jkat$p00sa08483$r00sa08483$wBOOK
=901  \\$a90
=913  \\$aNorbok$bNB

