=LDR  02181cam a2200565 c 4500
=001  990008475424702202
=005  20230308121951.0
=007  cr||||||||||||
=007  ta
=008  150313s2000\\\\no#|||||\|||||000|1|nob|\
=014  1\$a000847542$b(NO-TrBIB)
=014  1\$a000847542$b(NO-TrBIB)
=015  \\$a0008412$2nbf
=020  \\$a8202201071$qib.$cNkr 149.00
=035  \\$a(EXLNZ-47BIBSYS_NETWORK)990008475424702201
=035  \\$a(NO-TrBIB)000847542
=035  \\$a(NO-TrBIB)101430515
=035  \\$a000847542-47bibsys_network
=035  \\$a00ga09421-47bibsys_nb
=035  \\$a00sa10027-47bibsys_nb
=040  \\$aNO-OsNB$bnob$ekatreg
=042  \\$anorbibl
=044  \\$cno
=082  74$a839.823$qNO-OsNB$24/nor
=100  1\$aFossum, Karin$d1954-$0(NO-TrBIB)90608300
=245  10$aDe gales hus :$broman$cKarin Fossum
=260  \\$a[Oslo]$bCappelen$c2000
=300  \\$a371 s.
=490  1\$aCappelens storbøker
=500  \\$a1. utg. 1999
=500  \\$aOpplagshistorikk:  Storbok-utg., 2. oppl. 2002
=533  \\$aElektronisk reproduksjon$b[Norge]$cNasjonalbiblioteket Digital$d2009-01-12
=650  \7$aInstitusjon$2erfemn
=650  \7$aPsykiatri$2erfemn
=650  \7$aPsykiatriske sykehus - Fortellinger$2erfemn
=650  \7$aRomaner$2erfemn
=653  \\$anorsk$alitteratur$apsykiske$alidelser
=830  \0$aCappelens storbøker
=852  8\$b0030100$cg00005$hNA/A 2000:3049
=852  8\$b0183334$cg00001$hb
=856  40$3$yNB Digital$uhttp://urn.nb.no/URN:NBN:no-nb_digibok_2009011200037$z
=856  41$3Fulltekst$uhttps://urn.nb.no/URN:NBN:no-nb_digibok_2009011200037$yNettbiblioteket$zDigital representasjon
=856  42$3Forlagets beskrivelse (lang)$uhttps://contents.bibs.aws.unit.no/?isbn=8202201071
=856  42$3Forlagets beskrivelse (lang)$uhttps://contents.bibs.aws.unit.no/content/?isbn=9788202201074
=859  \\$a0030100$bg00005$cNA/A 2000:3049$f0$h0$x2015-10-31
=859  \\$a0183334$bg00001$cb$f0$h0$x2015-10-31
=876  \\$a00ga09421$d20000628$jkat$p00ga09421$r00ga09421$wBOOK$z(ib.) (Til bruk på NB Oslos lesesal)
=876  \\$a00sa10027$d20000620$jkat$p00sa10027$r00sa10027$wBOOK
=901  \\$a90
=913  \\$aNorbok$bNB

