=LDR  02370cam a2200541 c 4500
=001  990009162934702202
=005  20230313093832.0
=007  cr||||||||||||
=007  ta
=008  140312s2000\\\\no#|||||\|||||000|1|nob|\
=014  1\$a000916293$b(NO-TrBIB)
=014  1\$a000916293$b(NO-TrBIB)
=015  \\$a0008803$2nbf
=020  \\$a8252539637$qib.
=035  \\$a(EXLNZ-47BIBSYS_NETWORK)990009162934702201
=035  \\$a(NO-TrBIB)000916293
=035  \\$a(NO-TrBIB)140963812
=035  \\$a000916293-47bibsys_network
=035  \\$a00ga10034-47bibsys_nb
=035  \\$a00sa11929-47bibsys_nb
=040  \\$aNO-OsNB$bnob$ekatreg
=042  \\$anorbibl
=044  \\$cno
=082  04$a839.82$223
=082  74$a839.823$qNO-OsNB$24/nor
=100  1\$aFossum, Karin$d1954-$0(NO-TrBIB)90608300
=245  10$aDen som frykter ulven$cKarin Fossum
=260  \\$a[Oslo]$bDen norske bokklubben$c2000
=300  \\$a220 s.
=500  \\$a1. utg. Oslo : Cappelen, 1997
=500  \\$aUtgitt som: Månedens bok
=533  \\$aElektronisk reproduksjon$b[Norge]$cNasjonalbiblioteket Digital$d2014-02-19
=852  8\$b0030100$cg00005$hNA/A 2000:3305
=852  8\$b0183334$cg00001$hb
=856  40$3$yNB Digital$uhttp://urn.nb.no/URN:NBN:no-nb_digibok_2014021908049$z
=856  41$3Fulltekst$uhttps://urn.nb.no/URN:NBN:no-nb_digibok_2014021908049$yNettbiblioteket$zDigital representasjon
=856  42$3Forlagets beskrivelse (kort)$uhttps://contents.bibs.aws.unit.no/?isbn=8252539637
=856  42$3Forlagets beskrivelse (lang)$uhttps://contents.bibs.aws.unit.no/?isbn=8252539637
=856  42$3Forlagets beskrivelse (lang)$uhttps://contents.bibs.aws.unit.no/content/?isbn=9788252539639
=856  42$3Miniatyrbilde$uhttps://contents.bibs.aws.unit.no/files/images/small/9/3/9788252539639.jpg$qimage/jpeg
=856  42$3Omslagsbilde$uhttps://contents.bibs.aws.unit.no/files/images/large/9/3/9788252539639.jpg$qimage/jpeg
=856  42$3Originalt bilde$uhttps://contents.bibs.aws.unit.no/files/images/original/9/3/9788252539639.jpg$qimage/jpeg
=859  \\$a0030100$bg00005$cNA/A 2000:3305$f0$h0$x2015-10-31
=859  \\$a0183334$bg00001$cb$f0$h0$x2015-10-31
=876  \\$a00ga10034$d20000712$jkat$p00ga10034$r00ga10034$wBOOK$z(ib.) (Til bruk på NB Oslos lesesal)
=876  \\$a00sa11929$d20000810$jkat$p00sa11929$r00sa11929$wBOOK
=901  \\$a90
=913  \\$aNorbok$bNB

