=LDR  01165cam a2200361 c 4500
=001  990010374044702202
=005  20160622111734.0
=007  ta
=008  110826s1999\\\\xx#|||||||||||000|1|dan|\
=014  1\$a001037404$b(NO-TrBIB)
=015  \\$a0112798$2nbf
=020  \\$a8777249186$qh.
=035  \\$a(EXLNZ-47BIBSYS_NETWORK)990010374044702201
=035  \\$a(NO-TrBIB)001037404
=035  \\$a001037404-47bibsys_network
=035  \\$a00ga12102-47bibsys_nb
=040  \\$aNO-OsNB$bnob$ekatreg
=041  1\$hnob
=042  \\$anorbibl
=044  \\$cdk
=082  74$a839.823$qNO-OsNB$24/nor
=100  1\$aFossum, Karin$d1954-$0(NO-TrBIB)90608300
=245  10$aDen der frygter ulven$cKarin Fossum ; oversat af Helga Poder
=246  1\$aDen som frykter ulven$iOriginaltittel
=260  \\$aÅrhus$bKlim$c1999
=300  \\$a236 s.
=852  8\$b0030100$cg00005$hNA/A 2001:5786
=859  \\$a0030100$bg00005$cNA/A 2001:5786$f0$h0$x2015-10-31
=876  \\$a00ga12102$d20000926$jkat$p00ga12102$r00ga12102$wBOOK$xTr.N.Bogmarkedet 31. januar 2000$z(h.) (Til bruk på NB Oslos lesesal)
=901  \\$a90
=913  \\$aNorbok$bNB
=960  \\$an$9LOCAL
=997  \\$an$9LOCAL

