=LDR  02467cam a2200577 c 4500
=001  990010873124702202
=005  20230307145317.0
=007  cr||||||||||||
=007  ta
=008  110802s2000\\\\no#|||||\|||||000|1|nob|\
=014  1\$a001087312$b(NO-TrBIB)
=014  1\$a001087312$b(NO-TrBIB)
=015  \\$a0311737$2nbf
=020  \\$a8202201063$qh.
=020  \\$a9788202201067$qh.
=035  \\$a(EXLNZ-47BIBSYS_NETWORK)990010873124702201
=035  \\$a(NO-TrBIB)001087312
=035  \\$a(NO-TrBIB)092088422
=035  \\$a001087312-47bibsys_network
=035  \\$a00ga18481-47bibsys_nb
=035  \\$a00sa12532-47bibsys_nb
=040  \\$aNO-OsNB$bnob$ekatreg
=042  \\$anorbibl
=044  \\$cno
=082  74$a839.823$qNO-OsNB$25/nor
=100  1\$aFossum, Karin$d1954-
=245  10$aDe gales hus :$broman$cKarin Fossum
=260  \\$a[Oslo]$bCappelen$c2000
=300  \\$a371 s.
=490  1\$aCUB
=500  \\$a1. utg. 1999
=500  \\$a7. oppl. 2007 med 13-sifret ISBN
=500  \\$aOpplagshistorikk:  CUB-utg., 5. oppl. 2003 (Nkr 99.00); 6. oppl. 2004; 7.  oppl. 2007
=533  \\$aElektronisk reproduksjon$b[Norge]$cNasjonalbiblioteket Digital$d2009-03-16
=830  \0$aCUB
=852  8\$b0030100$cg00005$hNA/A 2000:6000
=852  8\$b0183334$cg00001$hc
=856  40$3$yNB Digital$uhttp://urn.nb.no/URN:NBN:no-nb_digibok_2009031600125$z
=856  41$3Fulltekst$uhttps://urn.nb.no/URN:NBN:no-nb_digibok_2009031600125$yNettbiblioteket$zDigital representasjon
=856  42$3Forlagets beskrivelse (kort)$uhttps://contents.bibs.aws.unit.no/?isbn=8202201063
=856  42$3Forlagets beskrivelse (kort)$uhttps://contents.bibs.aws.unit.no/?isbn=9788202201067
=856  42$3Forlagets beskrivelse (lang)$uhttps://contents.bibs.aws.unit.no/content/?isbn=9788202201067
=856  42$3Miniatyrbilde$uhttps://contents.bibs.aws.unit.no/files/images/small/7/6/9788202201067.jpg$qimage/jpeg
=856  42$3Omslagsbilde$uhttps://contents.bibs.aws.unit.no/files/images/large/7/6/9788202201067.jpg$qimage/jpeg
=856  42$3Originalt bilde$uhttps://contents.bibs.aws.unit.no/files/images/original/7/6/9788202201067.jpg$qimage/jpeg
=859  \\$a0030100$bg00005$cNA/A 2000:6000$f0$h0$x2015-10-31
=859  \\$a0183334$bg00001$cc$f0$h0$x2015-10-31
=876  \\$a00ga18481$jkat$p00ga18481$r00ga18481$wBOOK$z(h.) (Til bruk på NB Oslos lesesal)
=876  \\$a00sa12532$d20000824$jkat$p00sa12532$r00sa12532$wBOOK
=901  \\$a90
=913  \\$aNorbok$bNB

