=LDR  03347cam a2200721 c 4500
=001  990011580154702202
=005  20230801114347.0
=007  cr||||||||||||
=007  ta
=008  151016s2000\\\\no\|||||\|||||000|1|nob|\
=014  1\$a001158015$b(NO-TrBIB)
=014  1\$a001158015$b(NO-TrBIB)
=015  \\$a0011457$2nbf
=020  \\$a82-02-20135-7$qib.$cNkr 298.00$qCappelen
=020  \\$a82-525-4839-3$qib.$qNye bøker
=035  \\$a(EXLNZ-47BIBSYS_NETWORK)990011580154702201
=035  \\$a(NO-TrBIB)001158015
=035  \\$a(NO-TrBIB)101274599
=035  \\$a001158015-47bibsys_network
=035  \\$a00ga16581-47bibsys_nb
=035  \\$a00sa14263-47bibsys_nb
=040  \\$aNO-OsNB$bnob$ekatreg
=042  \\$anorbibl
=044  \\$cno
=080  \\$a82
=080  \\$a839.6
=082  04$a839.82$223
=082  74$a839.823$qNO-OsNB$24/nor
=084  \\$aS 4b$2oosk
=100  1\$aFossum, Karin$d1954-$0(NO-TrBIB)90608300$4aut
=245  10$aElskede Poona :$bkriminalroman$cKarin Fossum
=260  \\$a[Oslo]$bCappelen$c2000
=300  \\$a273 s.
=500  \\$aOpplagshistorikk:  2.-3. oppl. 2000; [Nytt oppl.] 2002
=533  \\$aElektronisk reproduksjon$b[Norge]$cNasjonalbiblioteket Digital$d2008-11-27
=651  \7$aIndia (7425)$2itrt
=653  \\$akriminalroman$akrim$anorsk$akrim/spenning$a2000-tallet$askjønnlitteratur
=767  0\$6880-01$tIndijskata sŭpruga$999920065694802201$z978-954-357-321-9
=767  0\$aFossum, Karin$tÄlskade Poona$w999920133867402201
=767  0\$aFossum, Karin$tCalling out for you$w991416073354702201
=767  0\$aFossum, Karin$tha-Kalah mi-Mombei$w991228677694702201
=767  0\$aFossum, Karin$tIndická nevěsta$w991201833744702201
=767  0\$aFossum, Karin$tMi heṛats'ir :$w991435690904702201
=767  0\$tJarima al-arus hindiyih$w999921291584602201$z9789773195830
=880  0\$6767-01/(N$tИндийската съпруга$999920065694802201$z978-954-357-321-9
=852  8\$b0030100$cg00005$hNA/A 2000:5373
=852  8\$b0183334$cg00001$hb
=856  40$3$yNB Digital$uhttp://urn.nb.no/URN:NBN:no-nb_digibok_2008112700084$z
=856  41$3Fulltekst$uhttps://urn.nb.no/URN:NBN:no-nb_digibok_2008112700084$yNettbiblioteket$zDigital representasjon
=856  42$3Forlagets beskrivelse (kort)$uhttps://contents.bibs.aws.unit.no/?isbn=8202201357
=856  42$3Forlagets beskrivelse (kort)$uhttps://contents.bibs.aws.unit.no/?isbn=9788202201357
=856  42$3Forlagets beskrivelse (lang)$uhttps://contents.bibs.aws.unit.no/?isbn=8202201357
=856  42$3Forlagets beskrivelse (lang)$uhttps://contents.bibs.aws.unit.no/content/?isbn=9788202201357
=856  42$3Miniatyrbilde$uhttps://contents.bibs.aws.unit.no/files/images/small/7/5/9788202201357.jpg$qimage/jpeg
=856  42$3Omslagsbilde$uhttps://contents.bibs.aws.unit.no/files/images/large/7/5/9788202201357.jpg$qimage/jpeg
=856  42$3Originalt bilde$uhttps://contents.bibs.aws.unit.no/files/images/original/7/5/9788202201357.jpg$qimage/jpeg
=859  \\$a0030100$bg00005$cNA/A 2000:5373$f0$h0$x2015-10-31
=859  \\$a0183334$bg00001$cb$f0$h0$x2015-10-31
=876  \\$a00ga16581$d20001011$jkat$p00ga16581$r00ga16581$wBOOK$z(ib.) (Til bruk på NB Oslos lesesal)
=876  \\$a00sa14263$d20001002$jkat$p00sa14263$r00sa14263$wBOOK
=901  \\$a90
=913  \\$aNorbok$bNB
=913  \\$aNORLA$bNB

