=LDR  01163cam a2200373 c 4500
=001  990011946664702202
=005  20160622111809.0
=007  ta
=008  110826s1999\\\\xx#|||||||||||000|1|dan|\
=014  1\$a001194666$b(NO-TrBIB)
=015  \\$a0106778$2nbf
=020  \\$a8777249402$qh.
=035  \\$a(EXLNZ-47BIBSYS_NETWORK)990011946664702201
=035  \\$a(NO-TrBIB)001194666
=035  \\$a001194666-47bibsys_network
=035  \\$a00ga14842-47bibsys_nb
=040  \\$aNO-OsNB$bnob$ekatreg
=041  1\$hnob
=042  \\$anorbibl
=044  \\$cdk
=082  74$a839.823$qNO-OsNB$24/nor
=100  1\$aFossum, Karin$d1954-$0(NO-TrBIB)90608300
=245  10$aEvas øje$cKarin Fossum ; oversat af Ida Jessen
=246  1\$aEvas øye$iOriginaltittel
=250  \\$a2. udg.
=260  \\$aÅrhus$bKlim$c1999
=300  \\$a252 s.
=852  8\$b0030100$cg00005$hNA/A 2001:1585
=859  \\$a0030100$bg00005$cNA/A 2001:1585$f0$h0$x2015-10-31
=876  \\$a00ga14842$d20010105$jkat$p00ga14842$r00ga14842$wBOOK$xTr.N. Bogmarkedet 31. juli 2000$z(h.) (Til bruk på NB Oslos lesesal)
=901  \\$a90
=913  \\$aNorbok$bNB
=960  \\$an$9LOCAL
=997  \\$an$9LOCAL

