=LDR  00939cam a2200253 c 4500
=001  990101310604702202
=005  20131104130151.0
=007  cr\|||||||||||
=008  131104s2000\\\\xx#|||||o|||||000|u|nob|\
=020  \\$a8202201837
=035  \\$a(EXLNZ-47BIBSYS_NETWORK)990101310604702201
=035  \\$a(NO-TrBIB)01013106x
=035  \\$a01013106x-47bibsys_network
=040  \\$aNO-OsNB$bnob$ekatreg
=100  1\$aFossum, Karin$d1954-$0(NO-TrBIB)90608300
=245  10$aEvas øye :$bkriminalroman$cKarin Fossum ; tilrettelegging av e-bok: Lisa Yayla$h[elektronisk ressurs]
=260  \\$a[Oslo]$bCappelen$cc2000
=490  1\$aCappelen e-bok
=500  \\$aTittel fra tittelskjermbildet
=538  \\$aSystemkrav: IBM PC eller kompatibel; MS Reader, eller E-bok-leser; MS Reader
=830  \0$aCappelen e-bok
=856  40$3$yNB Digital$uhttp://urn.nb.no/URN:NBN:no-nb_pliktavlevering_45$zTilgjengelig på NBs lesesal
=901  \\$a80
=960  \\$ae$9LOCAL

