=LDR  01165cam a2200361 c 4500
=001  990103467914702202
=005  20160622111803.0
=007  ta
=008  110826s2000\\\\xx#|||||||||||000|1|swe|\
=014  1\$a010346791$b(NO-TrBIB)
=015  \\$a0115526$2nbf
=020  \\$a9137116673$qib.
=035  \\$a(EXLNZ-47BIBSYS_NETWORK)990103467914702201
=035  \\$a(NO-TrBIB)010346791
=035  \\$a010346791-47bibsys_network
=035  \\$a01ga04572-47bibsys_nb
=040  \\$aNO-OsNB$bnob$ekatreg
=041  1\$hnob
=042  \\$anorbibl
=044  \\$cse
=082  74$a839.823$qNO-OsNB$24/nor
=100  1\$aFossum, Karin$d1954-$0(NO-TrBIB)90608300
=245  10$aNär djävulen håller ljuset$cKarin Fossum ; översättning Helena och Ulf Örnkloo
=246  1\$aDjevelen holder lyset$iOriginaltittel
=260  \\$aStockholm$bForum$c2000
=300  \\$a220 s.
=852  8\$b0030100$cg00005$hNA/A 2001:7449
=859  \\$a0030100$bg00005$cNA/A 2001:7449$f0$h0$x2015-10-31
=876  \\$a01ga04572$d20010323$jkat$p01ga04572$r01ga04572$wBOOK$xHe$z(ib.) (Til bruk på NB Oslos lesesal)
=901  \\$a90
=913  \\$aNorbok$bNB
=960  \\$an$9LOCAL
=997  \\$an$9LOCAL

