=LDR  01225cam a2200385 c 4500
=001  990105883454702202
=005  20160622111802.0
=007  ta
=008  110826s2001\\\\xx#|||||||||||000|1|lav|\
=014  1\$a010588345$b(NO-TrBIB)
=015  \\$a0108085$2nbf
=020  \\$a9984635589$qib.
=035  \\$a(EXLNZ-47BIBSYS_NETWORK)990105883454702201
=035  \\$a(NO-TrBIB)010588345
=035  \\$a010588345-47bibsys_network
=035  \\$a01ga06366-47bibsys_nb
=040  \\$aNO-OsNB$bnob$ekatreg
=041  1\$hnob
=042  \\$anorbibl
=044  \\$clv
=082  74$a839.823$qNO-OsNB$24/nor
=100  1\$aFossum, Karin$d1954-$0(NO-TrBIB)90608300
=245  10$aEvas acs$cKarina Fosuma ; no norvēǵu valodas tulkojis Sandris Briedis
=246  1\$aEvas øye$iOriginaltittel
=260  \\$a[Rīgā]$bApgāds Atēna$ccop. 2001
=300  \\$a217 s.
=490  1\$aAtēna detektīvs
=830  \0$aAtēna detektīvs
=852  8\$b0030100$cg00005$hNA/A 2001:2580
=859  \\$a0030100$bg00005$cNA/A 2001:2580$f0$h0$x2015-10-31
=876  \\$a01ga06366$d20010327$jkat$p01ga06366$r01ga06366$wBOOK$xNorla$z(ib.) (Til bruk på NB Oslos lesesal)
=901  \\$a90
=913  \\$aNorbok$bNB
=960  \\$an$9LOCAL
=997  \\$an$9LOCAL

