=LDR  01163cam a2200361 c 4500
=001  990108058264702202
=005  20160622111802.0
=007  ta
=008  110826s2001\\\\xx#|||||||||||000|1|dut|\
=014  1\$a010805826$b(NO-TrBIB)
=015  \\$a0109521$2nbf
=020  \\$a907634194X$qh.
=035  \\$a(EXLNZ-47BIBSYS_NETWORK)990108058264702201
=035  \\$a(NO-TrBIB)010805826
=035  \\$a010805826-47bibsys_network
=035  \\$a01ga09190-47bibsys_nb
=040  \\$aNO-OsNB$bnob$ekatreg
=041  1\$hnob
=042  \\$anorbibl
=044  \\$cnl
=082  74$a839.823$qNO-OsNB$24/nor
=100  1\$aFossum, Karin$d1954-$0(NO-TrBIB)90608300
=245  10$aKijk niet achterom$cKarin Fossum ; [vertaling: Annemarie Smith]
=246  1\$aSe deg ikke tilbake!$iOriginaltittel
=260  \\$aAntwerpen$aAmsterdam$bManteau$bAnthos$ccop. 2001
=300  \\$a312 s.
=852  8\$b0030100$cg00005$hNA/A 2001:3023
=859  \\$a0030100$bg00005$cNA/A 2001:3023$f0$h0$x2015-10-31
=876  \\$a01ga09190$d20010504$jkat$p01ga09190$r01ga09190$wBOOK$z(h.) (Til bruk på NB Oslos lesesal)
=901  \\$a90
=913  \\$aNorbok$bNB
=960  \\$an$9LOCAL
=997  \\$an$9LOCAL

