=LDR  02093cam a2200505 c 4500
=001  990108134544702202
=005  20230308122011.0
=007  cr||||||||||||
=007  ta
=008  131205s2001\\\\no#|||||\|||||000|1|nob|\
=014  1\$a010813454$b(NO-TrBIB)
=014  1\$a010813454$b(NO-TrBIB)
=015  \\$a0109373$2nbf
=020  \\$a8202201780$qib.$cNkr 40.00
=035  \\$a(EXLNZ-47BIBSYS_NETWORK)990108134544702201
=035  \\$a(NO-TrBIB)010813454
=035  \\$a(NO-TrBIB)133983609
=035  \\$a010813454-47bibsys_network
=035  \\$a01ga09898-47bibsys_nb
=035  \\$a01sa06193-47bibsys_nb
=040  \\$aNO-OsNB$bnob$ekatreg
=042  \\$anorbibl
=044  \\$cno
=082  74$a839.823$qNO-OsNB$24/nor
=100  1\$aFossum, Karin$d1954-$0(NO-TrBIB)90608300
=245  10$aDen som frykter ulven$cKarin Fossum
=260  \\$a[Oslo]$bCappelen$c2001
=300  \\$a254 s.
=500  \\$a1. utg. 1997
=500  \\$aPå omslaget: Libris
=533  \\$aElektronisk reproduksjon$b[Norge]$cNasjonalbiblioteket Digital$d2013-11-28
=852  8\$b0030100$cg00005$hNA/A 2001:3432
=852  8\$b0183334$cg00001$hb
=856  40$3$yNB Digital$uhttp://urn.nb.no/URN:NBN:no-nb_digibok_2013112808051$z
=856  41$3Fulltekst$uhttps://urn.nb.no/URN:NBN:no-nb_digibok_2013112808051$yNettbiblioteket$zDigital representasjon
=856  42$3Forlagets beskrivelse (kort)$uhttps://contents.bibs.aws.unit.no/?isbn=8202201780
=856  42$3Forlagets beskrivelse (lang)$uhttps://contents.bibs.aws.unit.no/?isbn=8202201780
=856  42$3Omslagsbilde$uhttps://contents.bibs.aws.unit.no/files/images/large/4/8/9788202201784.jpg$qimage/jpeg
=856  42$3Originalt bilde$uhttps://contents.bibs.aws.unit.no/files/images/original/4/8/9788202201784.jpg$qimage/jpeg
=859  \\$a0030100$bg00005$cNA/A 2001:3432$f0$h0$x2015-10-31
=859  \\$a0183334$bg00001$cb$f0$h0$x2015-10-31
=876  \\$a01ga09898$d20010515$jkat$p01ga09898$r01ga09898$wBOOK$z(ib.) (Til bruk på NB Oslos lesesal)
=876  \\$a01sa06193$d20010507$jkat$p01sa06193$r01sa06193$wBOOK
=901  \\$a90
=913  \\$aNorbok$bNB

