=LDR  01759cam a2200493 c 4500
=001  990109130334702202
=005  20230228113310.0
=007  cr||||||||||||
=007  ta
=008  140319s2001\\\\no#|||||\|||||000|1|nob|\
=014  1\$a010913033$b(NO-TrBIB)
=014  1\$a010913033$b(NO-TrBIB)
=015  \\$a0110662$2nbf
=020  \\$qh.$cNkr 59.00
=035  \\$a(EXLNZ-47BIBSYS_NETWORK)990109130334702201
=035  \\$a(NO-TrBIB)010913033
=035  \\$a(NO-TrBIB)14161370x
=035  \\$a010913033-47bibsys_network
=035  \\$a01ga13123-47bibsys_nb
=035  \\$a01sa07206-47bibsys_nb
=040  \\$aNO-OsNB$bnob$ekatreg
=041  1\$heng
=042  \\$anorbibl
=044  \\$cno
=082  74$a839.823$qNO-OsNB$24/nor
=100  1\$aFossum, Karin$d1954-$0(NO-TrBIB)90608300
=245  10$aDen som frykter ulven :$bkriminalroman$cKarin Fossum
=260  \\$a[Oslo]$bCappelen$c2001
=300  \\$a254 s.
=490  1\$aCappelen spenning
=500  \\$a1. utg. 1997
=500  \\$aPå omslaget: C underholdning
=533  \\$aElektronisk reproduksjon$b[Norge]$cNasjonalbiblioteket Digital$d2014-02-27
=830  \0$aCappelen spenning
=852  8\$b0030100$cg00005$hNA/A 2001:4320
=852  8\$b0183334$cg00001$hc
=856  40$3$yNB Digital$uhttp://urn.nb.no/URN:NBN:no-nb_digibok_2014022708103$z
=856  41$3Fulltekst$uhttps://urn.nb.no/URN:NBN:no-nb_digibok_2014022708103$yNettbiblioteket$zDigital representasjon
=859  \\$a0030100$bg00005$cNA/A 2001:4320$f0$h0$x2015-10-31
=859  \\$a0183334$bg00001$cc$f0$h0$x2015-10-31
=876  \\$a01ga13123$d20010703$jkat$p01ga13123$r01ga13123$wBOOK$z(h.) (Til bruk på NB Oslos lesesal)
=876  \\$a01sa07206$d20010529$jkat$p01sa07206$r01sa07206$wBOOK
=901  \\$a90
=913  \\$aNorbok$bNB

