=LDR  01159cam a2200361 c 4500
=001  990109194064702202
=005  20160622111812.0
=007  ta
=008  110826s2001\\\\xx#|||||||||||000|1|ger|\
=014  1\$a010919406$b(NO-TrBIB)
=015  \\$a0109762$2nbf
=020  \\$a3492043623$qib.
=035  \\$a(EXLNZ-47BIBSYS_NETWORK)990109194064702201
=035  \\$a(NO-TrBIB)010919406
=035  \\$a010919406-47bibsys_network
=035  \\$a01ga10904-47bibsys_nb
=040  \\$aNO-OsNB$bnob$ekatreg
=041  1\$hnob
=042  \\$anorbibl
=044  \\$cde
=082  74$a839.823$qNO-OsNB$24/nor
=100  1\$aFossum, Karin$d1954-$0(NO-TrBIB)90608300
=245  10$aStumme Schreie :$bRoman$cKarin Fossum ; aus dem Norwegischen von Gabriele Haefs
=246  1\$aElskede Poona$iOriginaltittel
=260  \\$aMünchen$bPiper$ccop. 2001
=300  \\$a317 s.
=852  8\$b0030100$cg00005$hNA/A 2001:3026
=859  \\$a0030100$bg00005$cNA/A 2001:3026$f0$h0$x2015-10-31
=876  \\$a01ga10904$d20010530$jkat$p01ga10904$r01ga10904$wBOOK$xNorla$z(ib.) (Til bruk på NB Oslos lesesal)
=901  \\$a90
=913  \\$aNorbok$bNB
=960  \\$an$9LOCAL
=997  \\$an$9LOCAL

