=LDR  01260cam a2200397 c 4500
=001  990111673784702202
=005  20160622111813.0
=007  ta
=008  110826s2001\\\\xx#|||||||||||000|1|fre|\
=014  1\$a011167378$b(NO-TrBIB)
=015  \\$a0111009$2nbf
=020  \\$a2913167101$qh.
=035  \\$a(EXLNZ-47BIBSYS_NETWORK)990111673784702201
=035  \\$a(NO-TrBIB)011167378
=035  \\$a011167378-47bibsys_network
=035  \\$a01ga12871-47bibsys_nb
=040  \\$aNO-OsNB$bnob$ekatreg
=041  1\$hnob
=042  \\$anorbibl
=044  \\$cfr
=082  74$a839.823$qNO-OsNB$24/nor
=100  1\$aFossum, Karin$d1954-$0(NO-TrBIB)90608300
=245  10$aNe te retourne pas!$cKarin Fossum ; traduit du norvégien par Marie Lunde
=246  1\$aSe deg ikke tilbake!$iOriginaltittel
=260  \\$aSaint-Germain-en-Laye$bOdin éditions$ccop. 2001
=300  \\$a310 s.
=490  1\$aEnigme
=700  1\$aLunde, Marie$4trl
=830  \0$aEnigme
=852  8\$b0030100$cg00005$hNA/A 2001:4612
=859  \\$a0030100$bg00005$cNA/A 2001:4612$f0$h0$x2015-10-31
=876  \\$a01ga12871$d20010629$jkat$p01ga12871$r01ga12871$wBOOK$xNorla$z(h.) (Til bruk på NB Oslos lesesal)
=901  \\$a90
=913  \\$aNorbok$bNB
=960  \\$an$9LOCAL
=997  \\$an$9LOCAL

