=LDR  01159cam a2200361 c 4500
=001  990114490634702202
=005  20160622111812.0
=007  ta
=008  110826s2001\\\\xx#|||||||||||000|1|dan|\
=014  1\$a011449063$b(NO-TrBIB)
=015  \\$a0113051$2nbf
=020  \\$a8700498742$qh.
=035  \\$a(EXLNZ-47BIBSYS_NETWORK)990114490634702201
=035  \\$a(NO-TrBIB)011449063
=035  \\$a011449063-47bibsys_network
=035  \\$a01ga14473-47bibsys_nb
=040  \\$aNO-OsNB$bnob$ekatreg
=041  1\$hnob
=042  \\$anorbibl
=044  \\$cdk
=082  74$a839.823$qNO-OsNB$24/nor
=100  1\$aFossum, Karin$d1954-$0(NO-TrBIB)90608300
=245  10$aElskede Poona$cKarin Fossum ; på dansk ved Ida Jessen
=246  1\$aElskede Poona$iOriginaltittel
=260  \\$a[København]$bGyldendal$c2001
=300  \\$a274 s.
=852  8\$b0030100$cg00005$hNA/A 2001:6003
=859  \\$a0030100$bg00005$cNA/A 2001:6003$f0$h0$x2015-10-31
=876  \\$a01ga14473$d20010906$jkat$p01ga14473$r01ga14473$wBOOK$xTr.N. Bogmarkedet 6.juni 2001$z(h.) (Til bruk på NB Oslos lesesal)
=901  \\$a90
=913  \\$aNorbok$bNB
=960  \\$an$9LOCAL
=997  \\$an$9LOCAL

