=LDR  01405cam a2200421 c 4500
=001  990115053974702202
=005  20230308122015.0
=007  ta
=008  141120s2001\\\\no#|||||||||||000|1|nob|\
=014  1\$a011505397$b(NO-TrBIB)
=014  1\$a011505397$b(NO-TrBIB)
=015  \\$a0113594$2nbf
=020  \\$a8202202035$qh.$cNkr 98.00
=035  \\$a(EXLNZ-47BIBSYS_NETWORK)990115053974702201
=035  \\$a(NO-TrBIB)011505397
=035  \\$a011505397-47bibsys_network
=035  \\$a01ga19975-47bibsys_nb
=035  \\$a01sa10401-47bibsys_nb
=040  \\$aNO-OsNB$bnob$ekatreg
=042  \\$anorbibl
=044  \\$cno
=082  74$a839.823$qNO-OsNB$24/nor
=100  1\$aFossum, Karin$d1954-$0(NO-TrBIB)90608300
=245  10$aElskede Poona :$bkriminalroman$cKarin Fossum
=260  \\$a[Oslo]$bCappelen$c2001
=300  \\$a273 s.
=490  1\$aCUB
=500  \\$a1. utg. 2000
=830  \0$aCUB
=852  8\$b0030100$cg00005$hNA/A 2001:6296
=852  8\$b0183334$cg00001$hc
=856  42$3Forlagets beskrivelse (lang)$uhttps://contents.bibs.aws.unit.no/?isbn=8202202035
=859  \\$a0030100$bg00005$cNA/A 2001:6296$f0$h0$x2015-10-31
=859  \\$a0183334$bg00001$cc$f0$h0$x2015-10-31
=876  \\$a01ga19975$d20011008$jkat$p01ga19975$r01ga19975$wBOOK$z(h.) (Til bruk på NB Oslos lesesal)
=876  \\$a01sa10401$d20010815$jkat$p01sa10401$r01sa10401$wBOOK
=901  \\$a90
=913  \\$aNorbok$bNB

