=LDR  02143cam a2200517 c 4500
=001  990115530574702202
=005  20230308122013.0
=007  cr||||||||||||
=007  ta
=008  150121s2001\\\\no#|||||\|||||000|1|nob|\
=014  1\$a011553057$b(NO-TrBIB)
=014  1\$a011553057$b(NO-TrBIB)
=015  \\$a0114250$2nbf
=020  \\$a8202202000$qh.$cNkr 79.00
=035  \\$a(EXLNZ-47BIBSYS_NETWORK)990115530574702201
=035  \\$a(NO-TrBIB)011553057
=035  \\$a(NO-TrBIB)10134029x
=035  \\$a011553057-47bibsys_network
=035  \\$a01ga22022-47bibsys_nb
=035  \\$a01sa10738-47bibsys_nb
=040  \\$aNO-OsNB$bnob$ekatreg
=042  \\$anorbibl
=044  \\$cno
=082  74$a839.823$qNO-OsNB$24/nor
=100  1\$aFossum, Karin$d1954-$0(NO-TrBIB)90608300
=245  10$aElskede Poona :$bkriminalroman$cKarin Fossum
=260  \\$a[Oslo]$bCappelen$c2001
=300  \\$a273 s.
=490  1\$aCap spenningens mestere
=500  \\$a1. utg. 2000
=533  \\$aElektronisk reproduksjon$b[Norge]$cNasjonalbiblioteket Digital$d2008-11-18
=830  \0$aCap spenningens mestere
=852  8\$b0030100$cg00005$hNA/A 2001:6636
=852  8\$b0183334$cg00001$hc
=856  40$3$yNB Digital$uhttp://urn.nb.no/URN:NBN:no-nb_digibok_2008111800125$z
=856  41$3Fulltekst$uhttps://urn.nb.no/URN:NBN:no-nb_digibok_2008111800125$yNettbiblioteket$zDigital representasjon
=856  42$3Forlagets beskrivelse (kort)$uhttps://contents.bibs.aws.unit.no/?isbn=8202202000
=856  42$3Forlagets beskrivelse (lang)$uhttps://contents.bibs.aws.unit.no/?isbn=8202202000
=856  42$3Omslagsbilde$uhttps://contents.bibs.aws.unit.no/files/images/large/2/0/9788202202002.jpg$qimage/jpeg
=856  42$3Originalt bilde$uhttps://contents.bibs.aws.unit.no/files/images/original/2/0/9788202202002.jpg$qimage/jpeg
=859  \\$a0030100$bg00005$cNA/A 2001:6636$f0$h0$x2015-10-31
=859  \\$a0183334$bg00001$cc$f0$h0$x2015-10-31
=876  \\$a01ga22022$d20011029$jkat$p01ga22022$r01ga22022$wBOOK$z(h.) (Til bruk på NB Oslos lesesal)
=876  \\$a01sa10738$d20010824$jkat$p01sa10738$r01sa10738$wBOOK
=901  \\$a90
=913  \\$aNorbok$bNB

