=LDR  01223cam a2200397 c 4500
=001  990116254144702202
=005  20160622111828.0
=007  ta
=008  110826s2001\\\\xx#|||||||||||000|1|fre|\
=014  1\$a011625414$b(NO-TrBIB)
=015  \\$a0115575$2nbf
=020  \\$a2020413280$qh.
=035  \\$a(EXLNZ-47BIBSYS_NETWORK)990116254144702201
=035  \\$a(NO-TrBIB)011625414
=035  \\$a011625414-47bibsys_network
=035  \\$a01ga17719-47bibsys_nb
=040  \\$aNO-OsNB$bnob$ekatreg
=041  1\$hnob
=042  \\$anorbibl
=044  \\$cfr
=082  74$a839.823$qNO-OsNB$24/nor
=100  1\$aFossum, Karin$d1954-$0(NO-TrBIB)90608300
=245  12$aL'Œil d'Ève :$broman$cKarin Fossum ; traduit du norvégien par Gro Tang
=246  1\$aEvas øye$iOriginaltittel
=260  \\$aParis$bÉditions Odin$c2001
=300  \\$a300 s.
=490  1\$aPoints
=700  1\$aTang, Gro$4trl
=830  \0$aPoints
=852  8\$b0030100$cg00005$hNA/A 2001:7367
=859  \\$a0030100$bg00005$cNA/A 2001:7367$f0$h0$x2015-10-31
=876  \\$a01ga17719$d20011121$jkat$p01ga17719$r01ga17719$wBOOK$xHBV$z(h.) (Til bruk på NB Oslos lesesal)
=901  \\$a90
=913  \\$aNorbok$bNB
=960  \\$an$9LOCAL
=997  \\$an$9LOCAL

