=LDR  02372cam a2200553 c 4500
=001  990116425484702202
=005  20230303104132.0
=007  cr||||||||||||
=007  ta
=008  150201s2001\\\\no#|||||\|||||000|1|nob|\
=014  1\$a011642548$b(NO-TrBIB)
=014  1\$a011642548$b(NO-TrBIB)
=015  \\$a0113023$2nbf
=020  \\$a8202201985$qib.$cNkr 149.00
=035  \\$a(EXLNZ-47BIBSYS_NETWORK)990116425484702201
=035  \\$a(NO-TrBIB)011642548
=035  \\$a(NO-TrBIB)150188986
=035  \\$a011642548-47bibsys_network
=035  \\$a01ga19001-47bibsys_nb
=035  \\$a01sa11659-47bibsys_nb
=040  \\$aNO-OsNB$bnob$ekatreg
=042  \\$anorbibl
=044  \\$cno
=082  74$a839.823$qNO-OsNB$24/nor
=084  \\$aS 4b$2oosk
=100  1\$aFossum, Karin$d1954-$0(NO-TrBIB)90608300
=245  10$aElskede Poona$cKarin Fossum
=260  \\$a[Oslo]$bCappelen$c2001
=300  \\$a273 s.
=490  1\$aCappelens storbøker
=500  \\$a1. utg. 2000
=533  \\$aElektronisk reproduksjon$b[Norge]$cNasjonalbiblioteket Digital$d2014-12-11
=830  \0$aCappelens storbøker
=852  8\$b0030100$cg00005$hNA/A 2001:5915
=852  8\$b0183334$cg00001$hb
=856  40$3$yNB Digital$uhttp://urn.nb.no/URN:NBN:no-nb_digibok_2014121108014$z
=856  41$3Fulltekst$uhttps://urn.nb.no/URN:NBN:no-nb_digibok_2014121108014$yNettbiblioteket$zDigital representasjon
=856  42$3Forlagets beskrivelse (kort)$uhttps://contents.bibs.aws.unit.no/?isbn=8202201985
=856  42$3Forlagets beskrivelse (lang)$uhttps://contents.bibs.aws.unit.no/?isbn=8202201985
=856  42$3Forlagets beskrivelse (lang)$uhttps://contents.bibs.aws.unit.no/content/?isbn=9788202201982
=856  42$3Omslagsbilde$uhttps://contents.bibs.aws.unit.no/files/images/large/2/8/9788202201982.jpg$qimage/jpeg
=856  42$3Omslagsbilde$uhttps://contents.bibs.aws.unit.no/files/images/small/5/8/8202201985.jpg$qimage/jpeg
=856  42$3Originalt bilde$uhttps://contents.bibs.aws.unit.no/files/images/original/2/8/9788202201982.jpg$qimage/jpeg
=859  \\$a0030100$bg00005$cNA/A 2001:5915$f0$h0$x2015-10-31
=859  \\$a0183334$bg00001$cb$f0$h0$x2015-10-31
=876  \\$a01ga19001$d20010926$jkat$p01ga19001$r01ga19001$wBOOK$z(ib.) (Til bruk på NB Oslos lesesal)
=876  \\$a01sa11659$d20010907$jkat$p01sa11659$r01sa11659$wBOOK
=901  \\$a90
=913  \\$aNorbok$bNB

