=LDR  01399cam a2200433 c 4500
=001  990116612674702202
=005  20160622111822.0
=007  ta
=008  110826s2001\\\\xx#|||||||||||000|1|alb|\
=014  1\$a011661267$b(NO-TrBIB)
=014  1\$a011661267$b(NO-TrBIB)
=015  \\$a0306904$2nbf
=020  \\$a9992732873$z9992732881$qh.
=035  \\$a(EXLNZ-47BIBSYS_NETWORK)990116612674702201
=035  \\$a(NO-TrBIB)011661267
=035  \\$a011661267-47bibsys_network
=035  \\$a01ga18314-47bibsys_nb
=035  \\$a03ga04034-47bibsys_nb
=040  \\$aNO-OsNB$bnob$ekatreg
=041  1\$hnob
=042  \\$anorbibl
=044  \\$cal
=082  74$a839.823$qNO-OsNB$25/nor
=100  1\$aFossum, Karin$d1954-$0(NO-TrBIB)90608300
=245  10$aSyri i Evës :$broman$cKarin Fossum ; përktheu: Nasi Lera
=246  1\$aEvas øye$iOriginaltittel
=260  \\$aTiranë$bAlbin$c2001
=300  \\$a256 s.
=700  1\$aLera, Nasi$4trl
=852  8\$b0030100$cg00005
=852  8\$b0030100$cg00005$hNA/A 2003:1183
=859  \\$a0030100$bg00005$cNA/A 2003:1183$f0$h0$x2015-10-31
=859  \\$a0030100$bg00005$f0$h9$x2015-10-31
=876  \\$a01ga18314$d20010912$jakset$p01ga18314$r01ga18314$wBOOK$xNorla
=876  \\$a03ga04034$d20030307$jkat$p03ga04034$r03ga04034$wBOOK$z(h.) (Til bruk på NB Oslos lesesal)
=901  \\$a90
=913  \\$aNorbok$bNB
=960  \\$an$9LOCAL
=997  \\$an$9LOCAL

