=LDR  01216cam a2200385 c 4500
=001  990117072754702202
=005  20160622111818.0
=007  ta
=008  110826s2000\\\\xx#|||||||||||000|1|swe|\
=014  1\$a011707275$b(NO-TrBIB)
=015  \\$a0115490$2nbf
=020  \\$a9176436403$qh.
=035  \\$a(EXLNZ-47BIBSYS_NETWORK)990117072754702201
=035  \\$a(NO-TrBIB)011707275
=035  \\$a011707275-47bibsys_network
=035  \\$a01ga18720-47bibsys_nb
=040  \\$aNO-OsNB$bnob$ekatreg
=041  1\$hnob
=042  \\$anorbibl
=044  \\$cse
=082  74$a839.823$qNO-OsNB$24/nor
=100  1\$aFossum, Karin$d1954-$0(NO-TrBIB)90608300
=245  10$aDen som fruktar vargen$cKarin Fossum ; översättning: Helena och Ulf Örnkloo
=246  1\$aDen som frykter ulven$iOriginaltittel
=260  \\$aStockholm$bMånPocket$c2000
=300  \\$a209 s.
=490  1\$aMånPocket
=830  \0$aMånPocket
=852  8\$b0030100$cg00005$hNA/A 2001:7431
=859  \\$a0030100$bg00005$cNA/A 2001:7431$f0$h0$x2015-10-31
=876  \\$a01ga18720$d20011004$jkat$p01ga18720$r01ga18720$wBOOK$xHe$z(h.) (Til bruk på NB Oslos lesesal)
=901  \\$a90
=913  \\$aNorbok$bNB
=960  \\$an$9LOCAL
=997  \\$an$9LOCAL

