=LDR  01143cam a2200361 c 4500
=001  990118042974702202
=005  20160622111831.0
=007  ta
=008  110826s2001\\\\xx#|||||||||||000|1|swe|\
=014  1\$a011804297$b(NO-TrBIB)
=015  \\$a0209210$2nbf
=020  \\$a9137117424$qib.
=035  \\$a(EXLNZ-47BIBSYS_NETWORK)990118042974702201
=035  \\$a(NO-TrBIB)011804297
=035  \\$a011804297-47bibsys_network
=035  \\$a01ga19406-47bibsys_nb
=040  \\$aNO-OsNB$bnob$ekatreg
=041  1\$hnob
=042  \\$anorbibl
=044  \\$cse
=082  74$a839.823$qNO-OsNB$24/nor
=100  1\$aFossum, Karin$d1954-$0(NO-TrBIB)90608300
=245  10$aDe galnas hus$cKarin Fossum ; översättning: Helena och Ulf Örnkloo
=246  1\$aDe gales hus$iOriginaltittel
=260  \\$aStockholm$bForum$c[2001]
=300  \\$a326 s.
=852  8\$b0030100$cg00005$hNA/A 2002:2196
=859  \\$a0030100$bg00005$cNA/A 2002:2196$f0$h0$x2015-10-31
=876  \\$a01ga19406$d20020219$jkat$p01ga19406$r01ga19406$wBOOK$xHe$z(ib.) (Til bruk på NB Oslos lesesal)
=901  \\$a90
=913  \\$aNorbok$bNB
=960  \\$an$9LOCAL
=997  \\$an$9LOCAL

