=LDR  01278cam a2200397 c 4500
=001  990118043784702202
=005  20160622111831.0
=007  ta
=008  110826s2001\\\\xx#|||||||||||000|1|swe|\
=014  1\$a011804378$b(NO-TrBIB)
=015  \\$a0115462$2nbf
=020  \\$a9176437574$qh.
=035  \\$a(EXLNZ-47BIBSYS_NETWORK)990118043784702201
=035  \\$a(NO-TrBIB)011804378
=035  \\$a011804378-47bibsys_network
=035  \\$a01ga19409-47bibsys_nb
=040  \\$aNO-OsNB$bnob$ekatreg
=041  1\$hnob
=042  \\$anorbibl
=044  \\$cse
=082  74$a839.823$qNO-OsNB$24/nor
=100  1\$aFossum, Karin$d1954-$0(NO-TrBIB)90608300
=245  10$aNär djävulen håller ljuset$cKarin Fossum ; översättning av Helena och Ulf Örnkloo
=246  1\$aDjevelen holder lyset$iOriginaltittel
=260  \\$aStockholm$bMånPocket$c2001
=300  \\$a220 s.
=490  1\$aMånpocket
=500  \\$aOpplagshistorikk:  [Nytt oppl.] 2003
=830  \0$aMånpocket
=852  8\$b0030100$cg00005$hNA/A 2001:7423
=859  \\$a0030100$bg00005$cNA/A 2001:7423$f0$h0$x2015-10-31
=876  \\$a01ga19409$d20011016$jkat$p01ga19409$r01ga19409$wBOOK$xHe$z(h.) (Til bruk på NB Oslos lesesal)
=901  \\$a90
=913  \\$aNorbok$bNB
=960  \\$an$9LOCAL
=997  \\$an$9LOCAL

