=LDR  02274cam a2200505 c 4500
=001  990118147724702202
=005  20230306135220.0
=007  cr||||||||||||
=007  ta
=008  141003s2001\\\\no#|||||\|||||000|u|nob|\
=014  1\$a011814772$b(NO-TrBIB)
=014  1\$a011814772$b(NO-TrBIB)
=020  \\$a8202209919$qh.
=035  \\$a(EXLNZ-47BIBSYS_NETWORK)990118147724702201
=035  \\$a(NO-TrBIB)011814772
=035  \\$a(NO-TrBIB)143547232
=035  \\$a011814772-47bibsys_network
=035  \\$a01sa13122-47bibsys_nb
=035  \\$a80g037423-47bibsys_nb
=040  \\$aNO-OsNB$bnob$ekatreg
=044  \\$cno
=100  1\$aFossum, Karin$d1954-$0(NO-TrBIB)90608300
=245  10$aDen som frykter ulven$cKarin Fossum ; [arbeidsoppgaver ved Live Løveid ; etterord ved Øystein Rottem]
=250  \\$aSkoleutg.
=260  \\$a[Oslo]$bCappelen$c2001
=300  \\$a289 s.
=533  \\$aElektronisk reproduksjon$b[Norge]$cNasjonalbiblioteket Digital$d2014-09-09
=653  \\$alærebøker$avideregående$askole$anorsk
=700  1\$aRottem, Øystein$d1946-2004$0(NO-TrBIB)90095964
=852  8\$b0030100$cg00005$hNA/A 2013:6800
=852  8\$b0183334$cg00001$hb
=856  40$3$yNB Digital$uhttp://urn.nb.no/URN:NBN:no-nb_digibok_2014090908041$z
=856  41$3Fulltekst$uhttps://urn.nb.no/URN:NBN:no-nb_digibok_2014090908041$yNettbiblioteket$zDigital representasjon
=856  42$3Forlagets beskrivelse (kort)$uhttps://contents.bibs.aws.unit.no/?isbn=8202209919
=856  42$3Forlagets beskrivelse (lang)$uhttps://contents.bibs.aws.unit.no/content/?isbn=9788202209919
=856  42$3Omslagsbilde$uhttps://contents.bibs.aws.unit.no/files/images/large/9/1/8202209919.jpg$qimage/jpeg
=856  42$3Omslagsbilde$uhttps://contents.bibs.aws.unit.no/files/images/small/9/1/8202209919.jpg$qimage/jpeg
=856  42$3Originalt bilde$uhttps://contents.bibs.aws.unit.no/files/images/original/9/1/9788202209919.jpg$qimage/jpeg
=859  \\$a0030100$bg00005$cNA/A 2013:6800$f0$h0$x2015-10-31
=859  \\$a0183334$bg00001$cb$f0$h0$x2015-10-31
=876  \\$a01sa13122$d20011004$jkat$p01sa13122$r01sa13122$wBOOK
=876  \\$a80g037423$jmini$p80g037423$r80g037423$wBOOK$z(h.) (Til bruk på NB Oslos lesesal)
=901  \\$a80
=913  \\$aNorbok$bNB
=960  \\$al$9LOCAL

