=LDR  01184cam a2200361 c 4500
=001  990120456084702202
=005  20160622111836.0
=007  ta
=008  110826s2001\\\\xx#|||||||||||000|1|dan|\
=014  1\$a012045608$b(NO-TrBIB)
=015  \\$a0205946$2nbf
=020  \\$a8700483982$qh.
=035  \\$a(EXLNZ-47BIBSYS_NETWORK)990120456084702201
=035  \\$a(NO-TrBIB)012045608
=035  \\$a012045608-47bibsys_network
=035  \\$a01ga22956-47bibsys_nb
=040  \\$aNO-OsNB$bnob$ekatreg
=041  1\$hnob
=042  \\$anorbibl
=044  \\$cdk
=082  74$a839.823$qNO-OsNB$24/nor
=100  1\$aFossum, Karin$d1954-$0(NO-TrBIB)90608300
=245  10$aNår djævelen holder lyset$cKarin Fossum ; på dansk ved Ida Jessen
=246  1\$aDjevelen holder lyset$iOriginaltittel
=260  \\$a[København]$bGyldendal$c2001
=300  \\$a240 s.
=852  8\$b0030100$cg00005$hNA/A 2002:487
=859  \\$a0030100$bg00005$cNA/A 2002:487$f0$h0$x2015-10-31
=876  \\$a01ga22956$d20020124$jkat$p01ga22956$r01ga22956$wBOOK$xTr.N. Arnold Busck Nye Bøger 2001$z(h.) (Til bruk på NB Oslos lesesal)
=901  \\$a90
=913  \\$aNorbok$bNB
=960  \\$an$9LOCAL
=997  \\$an$9LOCAL

