=LDR  01160cam a2200361 c 4500
=001  990200038704702202
=005  20160622111819.0
=007  ta
=008  110826s2001\\\\xx#|||||||||||000|1|dut|\
=014  1\$a020003870$b(NO-TrBIB)
=015  \\$a0205223$2nbf
=020  \\$a9076341982$qh.
=035  \\$a(EXLNZ-47BIBSYS_NETWORK)990200038704702201
=035  \\$a(NO-TrBIB)020003870
=035  \\$a020003870-47bibsys_network
=035  \\$a02ga00045-47bibsys_nb
=040  \\$aNO-OsNB$bnob$ekatreg
=041  1\$hnob
=042  \\$anorbibl
=044  \\$cbe
=082  74$a839.823$qNO-OsNB$24/nor
=100  1\$aFossum, Karin$d1954-$0(NO-TrBIB)90608300
=245  10$aWie de wolf vreest$cKarin Fossum ; vertaald door Annemarie Smit
=246  1\$aDen som frykter ulven$iOriginaltittel
=260  \\$aAntwerpen$aAmsterdam$bManteau$bAnthos$c2001
=300  \\$a304 s.
=852  8\$b0030100$cg00005$hNA/A 2002:7
=859  \\$a0030100$bg00005$cNA/A 2002:7$f0$h0$x2015-10-31
=876  \\$a02ga00045$d20020102$jkat$p02ga00045$r02ga00045$wBOOK$xNorla$z(h.) (Til bruk på NB Oslos lesesal)
=901  \\$a90
=913  \\$aNorbok$bNB
=960  \\$an$9LOCAL
=997  \\$an$9LOCAL

