=LDR  01215cam a2200385 c 4500
=001  990201359394702202
=005  20160622111847.0
=007  ta
=008  110826s2001\\\\xx#|||||||||||000|1|swe|\
=014  1\$a020135939$b(NO-TrBIB)
=015  \\$a0214493$2nbf
=020  \\$a9137118803$qib.
=035  \\$a(EXLNZ-47BIBSYS_NETWORK)990201359394702201
=035  \\$a(NO-TrBIB)020135939
=035  \\$a020135939-47bibsys_network
=035  \\$a02ga01731-47bibsys_nb
=040  \\$aNO-OsNB$bnob$ekatreg
=041  1\$hnob
=042  \\$anorbibl
=044  \\$cse
=082  74$a839.823$qNO-OsNB$24/nor
=100  1\$aFossum, Karin$d1954-$0(NO-TrBIB)90608300
=245  10$aÄlskade Poona$cKarin Fossum ; översättning Helena och Ulf Örnkloo
=246  1\$aElskede Poona$iOriginaltittel
=260  \\$aStockholm$bForum$c2001
=300  \\$a250 s.
=700  1\$aÖrnkloo, Helena$4trl
=700  1\$aÖrnkloo, Ulf$4trl
=852  8\$b0030100$cg00005$hNA/A 2002:4679
=859  \\$a0030100$bg00005$cNA/A 2002:4679$f0$h0$x2015-10-31
=876  \\$a02ga01731$d20020404$jkat$p02ga01731$r02ga01731$wBOOK$xHe$z(ib.) (Til bruk på NB Oslos lesesal)
=901  \\$a90
=913  \\$aNorbok$bNB
=960  \\$an$9LOCAL
=997  \\$an$9LOCAL

