=LDR  01341cam a2200397 c 4500
=001  990201368544702202
=005  20230531130234.0
=007  ta
=008  110826s2001\\\\xx#|||||||||||000|f|swe|\
=014  1\$a020136854$b(NO-TrBIB)
=015  \\$a0709633$2nbf
=020  \\$a9157474206$qib.
=035  \\$a(EXLNZ-47BIBSYS_NETWORK)990201368544702201
=035  \\$a(NO-TrBIB)020136854
=035  \\$a020136854-47bibsys_network
=035  \\$a02ga10154-47bibsys_nb
=040  \\$aNO-OsNB$bnob$ekatreg
=041  1\$hnob
=042  \\$anorbibl
=044  \\$cse
=082  74$a839.823$qNO-OsNB$25/nor
=100  1\$aFossum, Karin$d1954-$0(NO-TrBIB)90608300
=245  10$aDe galnas hus$cKarin Fossum ; översättning Helena och Ulf Örnkloo
=246  1\$aDe gales hus$iOriginaltittel
=260  \\$a[Stockholm]$bBilda förlag, Medlemsboken$c2001
=300  \\$a326 s.
=655  \7$aRomaner$0(uri)https://id.nb.no/vocabulary/ntsf/258$2ntsf
=700  1\$aÖrnkloo, Helena$4trl
=700  1\$aÖrnkloo, Ulf$4trl
=852  8\$b0030100$cg00005$hNA/A 2007:3686
=859  \\$a0030100$bg00005$cNA/A 2007:3686$f0$h0$x2015-10-31
=876  \\$a02ga10154$d20070515$jkat$p02ga10154$r02ga10154$wBOOK$x(tidl.best 02-12-23 fra akad). He$z(ib.) (Til bruk på NB Oslos lesesal)
=901  \\$a90
=913  \\$aNorbok$bNB
=960  \\$an$9LOCAL
=997  \\$an$9LOCAL

