=LDR  02382cam a2200565 c 4500
=001  990204967534702202
=005  20230531130403.0
=007  cr||||||||||||
=007  ta
=008  150107s2001\\\\no#|||||\|||||000|0bnob|\
=014  1\$a020496753$b(NO-TrBIB)
=014  1\$a020496753$b(NO-TrBIB)
=015  \\$a0213761$2nbf
=020  \\$qh.$cNkr 140.00
=035  \\$a(EXLNZ-47BIBSYS_NETWORK)990204967534702201
=035  \\$a(NO-TrBIB)020496753
=035  \\$a(NO-TrBIB)101341334
=035  \\$a020496753-47bibsys_network
=035  \\$a02ga14500-47bibsys_nb
=035  \\$a02sa08852-47bibsys_nb
=040  \\$aNO-OsNB$bnob$ekatreg
=042  \\$anorbibl
=044  \\$cno
=080  \\$a839.6
=082  74$a839.823$qNO-OsNB$24/nor
=245  00$aKarin Fossum :$bet forfatterhefte
=260  \\$aOslo$bBiblioteksentralen$c2001
=300  \\$a[55] bl.$bill.$c30 cm
=500  \\$a"Innhold: Forfatterportrett av Anne Merethe Kjelsvik Prinos, Karin Fossums forfatterskap, Litteratur om Karin Fossum, 10 forfatteromtaler fra norske aviser, 30 anmeldelser fra norske aviser."
=500  \\$aDelvis opptrykk av artikler
=533  \\$aElektronisk reproduksjon$b[Norge]$cNasjonalbiblioteket Digital$d2008-11-11
=600  17$aFossum, Karin$d1954-$0(NO-TrBIB)90608300$2bare
=648  \7$a1900-tallet$2humord$0(NO-TrBIB)HUME10975
=648  \7$a2000-tallet$2humord$0(NO-TrBIB)HUME10971
=650  \7$aNorsk litteratur$2humord$0(NO-TrBIB)HUME06959
=653  \\$anorsk$alitteratur$ahistorie$akritikk$aforfatterportrett$abokanmeldelser
=655  \7$aBiografier$0(uri)https://id.nb.no/vocabulary/ntsf/36$2ntsf
=700  12$aPrinos, Anne Merethe Kjelsvik$d1966-$tKarin Fossum$0(NO-TrBIB)1007438
=710  2\$aBiblioteksentralen$0(NO-TrBIB)90129474
=852  8\$b0030100$cg00005$hqSmåtr. 627
=852  8\$b0183334$cg00001$ha
=856  40$3$yNB Digital$uhttp://urn.nb.no/URN:NBN:no-nb_digibok_2008111100005$z
=856  41$3Fulltekst$uhttps://urn.nb.no/URN:NBN:no-nb_digibok_2008111100005$yNettbiblioteket$zDigital representasjon
=859  \\$a0030100$bg00005$cqSmåtr. 627$f0$h0$x2015-10-31
=859  \\$a0183334$bg00001$ca$f0$h0$x2015-10-31
=876  \\$a02ga14500$d20020822$jkat$p02ga14500$r02ga14500$wBOOK$z(h.) (Til bruk på NB Oslos lesesal)
=876  \\$a02sa08852$d20020613$jkat$p02sa08852$r02sa08852$wBOOK
=901  \\$a90
=913  \\$aNorbok$bNB
=991  \\$aarticles

