=LDR  01615cam a2200481 c 4500
=001  990214755044702202
=005  20160622111856.0
=007  ta
=008  110826s2001\\\\xx#|||||||||||000|1|swe|\
=014  1\$a021475504$b(NO-TrBIB)
=014  1\$a021475504$b(NO-TrBIB)
=015  \\$a0307936$2nbf
=020  \\$a9176437981$qib.
=035  \\$a(EXLNZ-47BIBSYS_NETWORK)990214755044702201
=035  \\$a(NO-TrBIB)021475504
=035  \\$a021475504-47bibsys_network
=035  \\$a02ga10155-47bibsys_nb
=035  \\$a05ga18919-47bibsys_nb
=040  \\$aNO-OsNB$bnob$ekatreg
=041  1\$hnob
=042  \\$anorbibl
=044  \\$cse
=082  74$a839.823$qNO-OsNB$25/nor
=100  1\$aFossum, Karin$d1954-$0(NO-TrBIB)90608300
=245  10$aDe galnas hus$cKarin Fossum ; översättning: Helana och Ulf Örnkloo
=246  1\$aDe gales hus$iOriginaltittel
=250  \\$a[Ny utg.]
=260  \\$aStockholm$bMånPocket$c2001
=300  \\$a326 s.
=490  1\$aMånPocket
=700  1\$aÖrnkloo, Helena$4trl
=700  1\$aÖrnkloo, Ulf$4trl
=830  \0$aMånPocket
=852  8\$b0030100$cg00005$hNA/A 2003:1805
=852  8\$b0030100$cg00005$hNA/A 2006:4847
=859  \\$a0030100$bg00005$cNA/A 2003:1805$f0$h0$x2015-10-31
=859  \\$a0030100$bg00005$cNA/A 2006:4847$f0$h0$x2015-10-31
=876  \\$a02ga10155$d20030122$jkat$p02ga10155$r02ga10155$wBOOK$xHe$z(h.) (Opptrykk 2002) (Til bruk på NB Oslos lesesal)
=876  \\$a05ga18919$d20051206$jkat$p05ga18919$r05ga18919$wBOOK$xHe$z(h.) (Til bruk på NB Oslos lesesal)
=901  \\$a90
=913  \\$aNorbok$bNB
=960  \\$an$9LOCAL
=997  \\$an$9LOCAL

