=LDR  01302cam a2200385 c 4500
=001  990214964044702202
=005  20220520104337.0
=007  ta
=008  110826s2002\\\\si\|||||||||||000|1|spa|\
=014  1\$a021496404$b(NO-TrBIB)
=015  \\$a0210984$2nbf
=020  \\$a8425336554$qib.
=035  \\$a(EXLNZ-47BIBSYS_NETWORK)990214964044702201
=035  \\$a(NO-TrBIB)021496404
=035  \\$a021496404-47bibsys_network
=035  \\$a02ga10340-47bibsys_nb
=040  \\$aNO-OsNB$bnob$ekatreg
=041  1\$hnob
=042  \\$anorbibl
=044  \\$ces
=082  74$a839.823$qNO-OsNB$24/nor
=100  1\$aFossum, Karin$d1954-$0(NO-TrBIB)90608300
=245  10$a¿Quién teme al lobo?$cKarin Fossum ; traducción de Kirsti Baggethun y Asunción Lorenzo
=246  1\$aDen som frykter ulven$iOriginaltittel
=260  \\$aBarcelona$bGrijalbo$c2002
=300  \\$a248 s.
=700  1\$aBaggethun, Kirsti$d1944-$0(NO-TrBIB)90584630$4trl
=700  1\$aLorenzo, Asunción$0(NO-TrBIB)6021783$4trl
=852  8\$b0030100$cg00005$hNA/A 2002:2995
=859  \\$a0030100$bg00005$cNA/A 2002:2995$f0$h0$x2015-10-31
=876  \\$a02ga10340$d20020603$jkat$p02ga10340$r02ga10340$wBOOK$xNorla$z(ib.) (Til bruk på NB Oslos lesesal)
=901  \\$a90
=913  \\$aNorbok$bNB
=960  \\$an$9local
=997  \\$an$9local

