=LDR  01256cam a2200397 c 4500
=001  990215616134702202
=005  20160622111911.0
=007  ta
=008  110826s2002\\\\xx#|||||||||||000|1|ita|\
=014  1\$a021561613$b(NO-TrBIB)
=015  \\$a0211428$2nbf
=020  \\$a8876846948$qh.
=035  \\$a(EXLNZ-47BIBSYS_NETWORK)990215616134702201
=035  \\$a(NO-TrBIB)021561613
=035  \\$a021561613-47bibsys_network
=035  \\$a02ga11026-47bibsys_nb
=040  \\$aNO-OsNB$bnob$ekatreg
=041  1\$hnob
=042  \\$anorbibl
=044  \\$cit
=082  74$a839.823$qNO-OsNB$24/nor
=100  1\$aFossum, Karin$d1954-$0(NO-TrBIB)90608300
=245  10$aLo sguardo di uno sconosciuto$cKarin Fossum ; traduzione di Pierina M. Marocco
=246  1\$aSe deg ikke tilbake!$iOriginaltittel
=260  \\$a[Milano]$bFrassinelli$c2002
=300  \\$a303 s.
=490  1\$aNarrativa
=700  1\$aMarocco, Perina M.$4trl
=830  \0$aNarrativa
=852  8\$b0030100$cg00005$hNA/A 2002:3058
=859  \\$a0030100$bg00005$cNA/A 2002:3058$f0$h0$x2015-10-31
=876  \\$a02ga11026$d20020612$jkat$p02ga11026$r02ga11026$wBOOK$xNorla$z(h.) (Til bruk på NB Oslos lesesal)
=901  \\$a90
=913  \\$aNorbok$bNB
=960  \\$an$9LOCAL
=997  \\$an$9LOCAL

