=LDR  01235cam a2200301 c 4500
=001  990215740904702202
=005  20230301085829.0
=007  ta
=008  150107s2001\\\\xx#|||||||||||000|ubnob|\
=014  1\$a02157409x$b(NO-TrBIB)
=035  \\$a(EXLNZ-47BIBSYS_NETWORK)990215740904702201
=035  \\$a(NO-TrBIB)02157409x
=035  \\$a02157409x-47bibsys_network
=035  \\$a02sa08863-47bibsys_nb
=040  \\$aNO-OsNB$bnob$ekatreg
=100  1\$aPrinos, Anne Merethe Kjelsvik$d1966-$0(NO-TrBIB)1007438
=245  10$aKarin Fossum :$bet forfatterportrett$cav Anne Merethe K. Prinos
=260  \\$a[Oslo]$bBiblioteksentralen$cc2001
=300  \\$a1 fold. ark.$bport.
=533  \\$aElektronisk reproduksjon$b[Norge]$cNasjonalbiblioteket Digital$d2018-05-14
=600  17$aFossum, Karin$d1954-$0(NO-TrBIB)90608300$2bare
=710  2\$aBiblioteksentralen$0(NO-TrBIB)90129474
=852  8\$b0183334$cg00001$ha
=856  40$3$yNB Digital$uhttp://urn.nb.no/URN:NBN:no-nb_digibok_2018051468008$z
=856  41$3Fulltekst$uhttps://urn.nb.no/URN:NBN:no-nb_digibok_2018051468008$yNettbiblioteket$zDigital representasjon
=859  \\$a0183334$bg00001$ca$f0$h0$x2015-10-31
=876  \\$a02sa08863$d20020613$jkat$p02sa08863$r02sa08863$wBOOK
=901  \\$a80

