=LDR  01204cam a2200373 c 4500
=001  990216015004702202
=005  20160622153037.0
=007  ta
=008  110826s2002\\\\no#|||||||||||000|1|ger|\
=014  1\$a02160150x$b(NO-TrBIB)
=015  \\$a0211522$2nbf
=020  \\$a3492042236$qib.
=035  \\$a(EXLNZ-47BIBSYS_NETWORK)990216015004702201
=035  \\$a(NO-TrBIB)02160150x
=035  \\$a02160150x-47bibsys_network
=035  \\$a02ga11375-47bibsys_nb
=040  \\$aNO-OsNB$bnob$ekatreg
=041  1\$hnob
=042  \\$anorbibl
=044  \\$cno
=082  74$a839.823$qNO-OsNB$24/nor
=100  1\$aFossum, Karin$d1954-$0(NO-TrBIB)90608300
=245  10$aDunkler Schlaf :$bRoman$cKarin Fossum ; aus dem Norwegischen von Gabriele Haefs
=246  1\$aDjevelen holder lyset$iOriginaltittel
=260  \\$aMünchen$bPiper$ccop. 2002
=300  \\$a262 s.
=700  1\$aHaefs, Gabriele$4trl
=852  8\$b0030100$cg00005$hNA/A 2002:3250
=859  \\$a0030100$bg00005$cNA/A 2002:3250$f0$h0$x2015-10-31
=876  \\$a02ga11375$d20020618$jkat$p02ga11375$r02ga11375$wBOOK$xNorla$z(ib.) (Til bruk på NB Oslos lesesal)
=901  \\$a90
=913  \\$aNorbok$bNB
=960  \\$an$9LOCAL
=997  \\$an$9LOCAL

