=LDR  03278cam a2200709 c 4500
=001  990216462524702202
=005  20240515083808.0
=007  cr||||||||||||
=007  ta
=008  150828s2002\\\\no\\|||e\|||||000|f|nob|\
=014  1\$a021646252$b(NO-TrBIB)
=014  1\$a021646252$b(NO-TrBIB)
=015  \\$a0213367$2nbf
=020  \\$a82-02-22302-4$qib.$qCappelen$cNkr 338.00
=020  \\$a82-525-4897-0$qib.$qBokklubben nye bøker
=035  \\$a(EXLNZ-47BIBSYS_NETWORK)990216462524702201
=035  \\$a(NO-TrBIB)021646252
=035  \\$a(NO-TrBIB)09193429x
=035  \\$a021646252-47bibsys_network
=035  \\$a02ga13972-47bibsys_nb
=035  \\$a02sa11132-47bibsys_nb
=040  \\$aNO-OsNB$bnob$ekatreg
=042  \\$anorbibl
=044  \\$cno
=080  \\$a82
=080  \\$a839.6
=082  04$a839.82$223
=082  74$a839.823$qNO-OsNB$24/nor
=084  \\$aS 4b$2oosk
=100  1\$aFossum, Karin$d1954-$0(NO-TrBIB)90608300$4aut
=245  10$aSvarte sekunder :$bkriminalroman$cKarin Fossum
=260  \\$a[Oslo]$bCappelen$c2002
=300  \\$a270 s.
=500  \\$aOpplagshistorikk:  2. oppl. 2002; [Nytt oppl.] 2003; [Nytt oppl.] 2004
=533  \\$aElektronisk reproduksjon$b[Norge]$cNasjonalbiblioteket Digital$d2009-02-02
=653  \\$anorske$aromaner$a2000-tallet$anorsk$akrim$aspenning$askjønnlitteratur$akriminalromaner$aprosa
=655  \4$aKriminal
=655  \7$aRomaner$0(uri)https://id.nb.no/vocabulary/ntsf/258$2ntsf
=767  0\$6880-01$tČerni sekundi$w999920311032002201$z978-954-357-337-0
=767  0\$aFossum, Karin$tBlack seconds$w991339871084702201
=767  0\$aFossum, Karin$tSegundos negros$w991322494644702201
=767  0\$aFossum, Karin$tSegundos negros$w991431809324702201
=767  0\$tCrne sekunde$w999920615961902201$z978-86-7963-460-3
=767  0\$tTemné sekundy$w999922411172202201$z978-80-8268-102-7
=880  0\$6767-01/(N$tЧерни секунди$w999920311032002201$z978-954-357-337-0
=852  8\$b0030100$cg00005$hNA/A 2002:4128
=852  8\$b0183334$cg00001$hb
=856  40$3$yNB Digital$uhttp://urn.nb.no/URN:NBN:no-nb_digibok_2009020204146$z
=856  41$3Fulltekst$uhttps://urn.nb.no/URN:NBN:no-nb_digibok_2009020204146$yNettbiblioteket$zDigital representasjon
=856  42$3Forlagets beskrivelse (lang)$uhttps://contents.bibs.aws.unit.no/?isbn=8202223024
=856  42$3Forlagets beskrivelse (lang)$uhttps://contents.bibs.aws.unit.no/content/?isbn=9788202223021
=856  42$3Omslagsbilde$uhttps://contents.bibs.aws.unit.no/files/images/large/4/2/8202223024.jpg$qimage/jpeg
=856  42$3Omslagsbilde$uhttps://contents.bibs.aws.unit.no/files/images/small/1/2/9788202223021.jpg$qimage/jpeg
=856  42$3Omslagsbilde$uhttps://contents.bibs.aws.unit.no/files/images/small/4/2/8202223024.jpg$qimage/jpeg
=856  42$3Originalt bilde$uhttps://contents.bibs.aws.unit.no/files/images/original/1/2/9788202223021.jpg$qimage/jpeg
=859  \\$a0030100$bg00005$cNA/A 2002:4128$f0$h0$x2015-10-31
=859  \\$a0183334$bg00001$cb$f0$h0$x2015-10-31
=876  \\$a02ga13972$d20020814$jkat$p02ga13972$r02ga13972$wBOOK$z(ib.) (Til bruk på NB Oslos lesesal)
=876  \\$a02sa11132$d20020807$jkat$p02sa11132$r02sa11132$wBOOK
=901  \\$a90
=913  \\$aNorbok$bNB
=913  \\$aNORLA$bNB

