=LDR  01286cam a2200409 c 4500
=001  990222066124702202
=005  20160622111914.0
=007  ta
=008  110826s2002\\\\xx#|||||||||||000|1|dan|\
=014  1\$a022206612$b(NO-TrBIB)
=015  \\$a0305957$2nbf
=020  \\$a8702011220$qh.
=035  \\$a(EXLNZ-47BIBSYS_NETWORK)990222066124702201
=035  \\$a(NO-TrBIB)022206612
=035  \\$a022206612-47bibsys_network
=035  \\$a02ga15310-47bibsys_nb
=040  \\$aNO-OsNB$bnob$ekatreg
=041  1\$hnob
=042  \\$anorbibl
=044  \\$cdk
=082  74$a839.823$qNO-OsNB$25/nor
=100  1\$aFossum, Karin$d1954-$0(NO-TrBIB)90608300
=245  10$aElskede Poona$cKarin Fossum ; på dansk ved Ida Jessen
=246  1\$aElskede Poona$iOriginaltittel
=250  \\$a2. udg.
=260  \\$a[København]$bGyldendal$c2002
=300  \\$a274 s.
=490  1\$aGyldendal paperback
=700  1\$aJessen, Ida$4trl
=830  \0$aGyldendal paperback
=852  8\$b0030100$cg00005$hNA/A 2003:476
=859  \\$a0030100$bg00005$cNA/A 2003:476$f0$h0$x2015-10-31
=876  \\$a02ga15310$d20030130$jkat$p02ga15310$r02ga15310$wBOOK$xTR.N. Bogmarkedet 12.aug 2002$z(h.) (Til bruk på NB Oslos lesesal)
=901  \\$a90
=913  \\$aNorbok$bNB
=960  \\$an$9LOCAL
=997  \\$an$9LOCAL

