=LDR  01778cam a2200481 c 4500
=001  990222783704702202
=005  20230301102136.0
=007  cr||||||||||||
=007  ta
=008  140321s2002\\\\no#|||||\|||||000|1|nob|\
=014  1\$a022278370$b(NO-TrBIB)
=014  1\$a022278370$b(NO-TrBIB)
=015  \\$a0215426$2nbf
=020  \\$a8202223768$qh.$qCappelens bokklubb
=020  \\$a8202223806$qh.$qJubileumsserien kpl.
=035  \\$a(EXLNZ-47BIBSYS_NETWORK)990222783704702201
=035  \\$a(NO-TrBIB)022278370
=035  \\$a(NO-TrBIB)14162745x
=035  \\$a022278370-47bibsys_network
=035  \\$a02ga16291-47bibsys_nb
=035  \\$a02sa13711-47bibsys_nb
=040  \\$aNO-OsNB$bnob$ekatreg
=042  \\$anorbibl
=044  \\$cno
=082  74$a839.823$qNO-OsNB$24/nor
=084  \\$aS 4b$2oosk
=100  1\$aFossum, Karin$d1954-$0(NO-TrBIB)90608300
=245  10$aDe gales hus :$broman$cKarin Fossum
=260  \\$a[Oslo]$bCappelen$bCappelens bokklubb$c2002
=300  \\$a371 s.
=500  \\$a1. utg. 1999
=533  \\$aElektronisk reproduksjon$b[Norge]$cNasjonalbiblioteket Digital$d2014-02-27
=653  \\$apsykiatriske$apasienter$asykehus
=852  8\$b0030100$cg00005$hNA/A 2002:5143
=852  8\$b0183334$cg00001$hb
=856  40$3$yNB Digital$uhttp://urn.nb.no/URN:NBN:no-nb_digibok_2014022708219$z
=856  41$3Fulltekst$uhttps://urn.nb.no/URN:NBN:no-nb_digibok_2014022708219$yNettbiblioteket$zDigital representasjon
=859  \\$a0030100$bg00005$cNA/A 2002:5143$f0$h0$x2015-10-31
=859  \\$a0183334$bg00001$cb$f0$h0$x2015-10-31
=876  \\$a02ga16291$d20021002$jkat$p02ga16291$r02ga16291$wBOOK$z(h.) (Til bruk på NB Oslos lesesal)
=876  \\$a02sa13711$d20020923$jkat$p02sa13711$r02sa13711$wBOOK
=901  \\$a90
=913  \\$aNorbok$bNB

