=LDR  02683cam a2200613 c 4500
=001  990224429444702202
=005  20230531131529.0
=007  cr||||||||||||
=007  ta
=008  150624s2002\\\\no\||||e\|||||000|f|nob|\
=014  1\$a022442944$b(NO-TrBIB)
=014  1\$a022442944$b(NO-TrBIB)
=015  \\$a0216152$2nbf
=020  \\$a82-02-22307-5$qib.$qCappelen$cNkr 289.00
=020  \\$a82-525-4902-0$qib.$qBokkubben nye bøker
=035  \\$a(EXLNZ-47BIBSYS_NETWORK)990224429444702201
=035  \\$a(FHS-KS)15251
=035  \\$a(NO-TrBIB)022442944
=035  \\$a(NO-TrBIB)092108741
=035  \\$a022442944-47bibsys_network
=035  \\$a02ga17276-47bibsys_nb
=035  \\$a02sa15039-47bibsys_nb
=040  \\$aNO-OsNB$bnob$ekatreg
=042  \\$anorbibl
=044  \\$cno
=080  \\$a82
=082  04$a839.82$223
=082  74$a839.823$qNO-OsNB$24/nor
=084  \\$aS 4b$2oosk
=100  1\$aFossum, Karin$d1954-$0(NO-TrBIB)90608300$4aut
=245  10$aJonas Eckel :$broman$cKarin Fossum
=260  \\$a[Oslo]$bCappelen$c2002
=300  \\$a139 s.
=533  \\$aElektronisk reproduksjon$b[Norge]$cNasjonalbiblioteket Digital$d2009-02-17
=653  \\$anorske$aromaner$a2000-tallet$askjønnlitteratur
=655  \7$aRomaner$0(uri)https://id.nb.no/vocabulary/ntsf/258$2ntsf
=767  0\$tAlso, von mir aus$w999920421565302201$z978-3-492-50041-8
=852  8\$b0030100$cg00005$hNA/A 2002:5352
=852  8\$b0183334$cg00001$hb
=856  40$3$yNB Digital$uhttp://urn.nb.no/URN:NBN:no-nb_digibok_2009021704014$z
=856  41$3Fulltekst$uhttps://urn.nb.no/URN:NBN:no-nb_digibok_2009021704014$yNettbiblioteket$zDigital representasjon
=856  42$3Forlagets beskrivelse (lang)$uhttps://contents.bibs.aws.unit.no/?isbn=8202223075
=856  42$3Forlagets beskrivelse (lang)$uhttps://contents.bibs.aws.unit.no/content/?isbn=9788202223076
=856  42$3Omslagsbilde$uhttps://contents.bibs.aws.unit.no/files/images/large/6/7/9788202223076.jpg$qimage/jpeg
=856  42$3Omslagsbilde$uhttps://contents.bibs.aws.unit.no/files/images/small/5/7/8202223075.jpg$qimage/jpeg
=856  42$3Omslagsbilde$uhttps://contents.bibs.aws.unit.no/files/images/small/6/7/9788202223076.jpg$qimage/jpeg
=856  42$3Originalt bilde$uhttps://contents.bibs.aws.unit.no/files/images/original/6/7/9788202223076.jpg$qimage/jpeg
=859  \\$a0030100$bg00005$cNA/A 2002:5352$f0$h0$x2015-10-31
=859  \\$a0183334$bg00001$cb$f0$h0$x2015-10-31
=876  \\$a02ga17276$d20021022$jkat$p02ga17276$r02ga17276$wBOOK$z(ib.) (Til bruk på NB Oslos lesesal)
=876  \\$a02sa15039$d20021015$jkat$p02sa15039$r02sa15039$wBOOK
=901  \\$a90
=913  \\$aNorbok$bNB
=913  \\$aNORLA$bNB

