=LDR  01211cam a2200373 c 4500
=001  990226597064702202
=005  20160622111934.0
=007  ta
=008  110826s2002\\\\xx#|||||||||||000|1|dut|\
=014  1\$a022659706$b(NO-TrBIB)
=015  \\$a0216799$2nbf
=020  \\$a9076341362$qh.
=035  \\$a(EXLNZ-47BIBSYS_NETWORK)990226597064702201
=035  \\$a(NO-TrBIB)022659706
=035  \\$a022659706-47bibsys_network
=035  \\$a02ga17983-47bibsys_nb
=040  \\$aNO-OsNB$bnob$ekatreg
=041  1\$hnob
=042  \\$anorbibl
=044  \\$cnl
=082  74$a839.823$qNO-OsNB$24/nor
=100  1\$aFossum, Karin$d1954-$0(NO-TrBIB)90608300
=245  10$aDe duivel draagt het licht$cKarin Fossum ; vertaald door Annemarie Smit
=246  1\$aDjevelen holder lyset$iOriginaltittel
=260  \\$aAntwerpen$aAmsterdam$bManteau$bAnthos$c2002
=300  \\$a280 s.
=700  1\$aSmit, Annemarie$4trl
=852  8\$b0030100$cg00005$hNA/A 2002:5752
=859  \\$a0030100$bg00005$cNA/A 2002:5752$f0$h0$x2015-10-31
=876  \\$a02ga17983$d20021031$jkat$p02ga17983$r02ga17983$wBOOK$xNorla$z(h.) (Til bruk på NB Oslos lesesal)
=901  \\$a90
=913  \\$aNorbok$bNB
=960  \\$an$9LOCAL
=997  \\$an$9LOCAL

