=LDR  01501cam a2200397 c 4500
=001  990226667104702202
=005  20231230053642.0
=007  cr||||||||||||
=007  ta
=008  120816s2002\\\\xx#|||||\|||||000|u|nob|\
=014  1\$a022666710$b(NO-TrBIB)
=020  \\$a8202183928$qh.
=035  \\$a(EXLNZ-47BIBSYS_NETWORK)990226667104702201
=035  \\$a(NO-TrBIB)022666710
=035  \\$a(NO-TrBIB)112926975
=035  \\$a022666710-47bibsys_network
=035  \\$a02sa16380-47bibsys_nb
=040  \\$aNO-OsNB$bnob$ekatreg
=082  04$a839.82$223
=100  1\$aFossum, Karin$d1954-$0(NO-TrBIB)90608300
=245  10$aEvas øye$cKarin Fossum
=250  \\$a2. oppl. [i.e. ny utg.]
=260  \\$a[Oslo]$bCappelen$c2002
=300  \\$a295 s.
=490  1\$aCappelen spenning
=500  \\$a1. utg. 1995
=533  \\$aElektronisk reproduksjon$b[Norge]$cNasjonalbiblioteket Digital$d2011-06-01
=830  \0$aCappelen spenning
=852  8\$b0183334$cg00001$hc
=856  40$3$yNB Digital$uhttp://urn.nb.no/URN:NBN:no-nb_digibok_2011060106044$z
=856  41$3Fulltekst$uhttps://urn.nb.no/URN:NBN:no-nb_digibok_2011060106044$yNettbiblioteket$zDigital representasjon
=856  42$3Forlagets beskrivelse (lang)$uhttps://contents.bibs.aws.unit.no/?isbn=8202183928
=856  42$3Forlagets beskrivelse (lang)$uhttps://contents.bibs.aws.unit.no/content/?isbn=9788202183929
=859  \\$a0183334$bg00001$cc$f0$h0$x2015-10-31
=876  \\$a02sa16380$d20021101$jkat$p02sa16380$r02sa16380$wBOOK
=901  \\$a80

