=LDR  01366cim a2200325 c 4500
=001  990227391224702202
=005  20221021140447.0
=007  sd\f||||||||||
=008  140211s2000\\\\xx#||||\||||||||||||nob|d
=014  1\$a022739122$b(NO-TrBIB)
=020  \\$a8278441146
=035  \\$a(EXLNZ-47BIBSYS_NETWORK)990227391224702201
=035  \\$a(NO-TrBIB)022739122
=035  \\$a022739122-47bibsys_network
=035  \\$a10g073904-47bibsys_nb
=040  \\$aNO-TrBIB$bnob$ekatreg
=100  1\$aFossum, Karin$d1954-$0(NO-TrBIB)90608300
=245  10$aElskede Poona$cKarin Fossum$h[lydopptak]
=260  \\$aBillingstad$bFono forlag$c2000
=300  \\$a8 plater, (CD) (9 tim., 5 min.)
=500  \\$aLest av: Trini Lund
=700  1\$aLund, Trini$d1951-$0(NO-TrBIB)98025238
=852  8\$b0183334$cg00001$hd
=856  42$3Forlagets beskrivelse (kort)$uhttps://contents.bibs.aws.unit.no/?isbn=8278441146
=856  42$3Forlagets beskrivelse (lang)$uhttps://contents.bibs.aws.unit.no/content/?isbn=9788278441145
=856  42$3Lydfil$uhttps://contents.bibs.aws.unit.no/files/audio/mp3/5/4/9788278441145.mp3$qaudio/mpeg
=856  42$3Omslagsbilde$uhttps://contents.bibs.aws.unit.no/files/images/large/5/4/9788278441145.jpg$qimage/jpeg
=859  \\$a0183334$bg00001$cd$f0$h3$x2015-10-31
=876  \\$a10g073904$joppgitt$p10g073904$r10g073904$wCD$xUtsolgt. 14.09.10, BR
=901  \\$a80

