=LDR  02206cam a2200505 c 4500
=001  990300122874702202
=005  20230303121212.0
=007  ta
=008  120816s2002\\\\no#|||||||||||000|1|nob|\
=014  1\$a030012287$b(NO-TrBIB)
=014  1\$a030012287$b(NO-TrBIB)
=015  \\$a0305075$2nbf
=020  \\$a8252550940$qib.
=035  \\$a(EXLNZ-47BIBSYS_NETWORK)990300122874702201
=035  \\$a(NO-TrBIB)030012287
=035  \\$a030012287-47bibsys_network
=035  \\$a03ga00073-47bibsys_nb
=035  \\$a03sa01069-47bibsys_nb
=040  \\$aNO-OsNB$bnob$ekatreg
=042  \\$anorbibl
=044  \\$cno
=082  04$a839.82$223
=082  74$a839.823$qNO-OsNB$24/nor
=100  1\$aFossum, Karin$d1954-$0(NO-TrBIB)90608300
=245  10$aElskede Poona$cKarin Fossum
=260  \\$a[Oslo]$bDen norske bokklubben$c2002
=300  \\$a256 s.
=500  \\$a1. utg. Oslo : Cappelen, 2000
=500  \\$aUtgitt som månedens bok
=533  \\$aElektronisk reproduksjon$b[Norge]$cNasjonalbiblioteket Digital$d2016-07-05
=852  8\$b0030100$cg00005$hNA/A 2002:6675
=852  8\$b0183334$cg00001$hb
=856  40$3$yNB Digital$uhttp://urn.nb.no/URN:NBN:no-nb_digibok_2016070548041$z
=856  41$3Fulltekst$uhttps://urn.nb.no/URN:NBN:no-nb_digibok_2016070548041$yNettbiblioteket$zDigital representasjon
=856  42$3Forlagets beskrivelse (lang)$uhttps://contents.bibs.aws.unit.no/?isbn=8252550940
=856  42$3Omslagsbilde$uhttps://contents.bibs.aws.unit.no/files/images/large/8/4/9788252550948.jpg$qimage/jpeg
=856  42$3Omslagsbilde$uhttps://contents.bibs.aws.unit.no/files/images/small/0/4/8252550940.jpg$qimage/jpeg
=856  42$3Omslagsbilde$uhttps://contents.bibs.aws.unit.no/files/images/small/8/4/9788252550948.jpg$qimage/jpeg
=856  42$3Originalt bilde$uhttps://contents.bibs.aws.unit.no/files/images/original/8/4/9788252550948.jpg$qimage/jpeg
=859  \\$a0030100$bg00005$cNA/A 2002:6675$f0$h0$x2015-10-31
=859  \\$a0183334$bg00001$cb$f0$h0$x2015-10-31
=876  \\$a03ga00073$d20030103$jkat$p03ga00073$r03ga00073$wBOOK$z(ib.) (Til bruk på NB Oslos lesesal)
=876  \\$a03sa01069$d20030122$jkat$p03sa01069$r03sa01069$wBOOK
=901  \\$a90
=913  \\$aNorbok$bNB

