=LDR  02069cam a2200481 c 4500
=001  990300243584702202
=005  20230306123225.0
=007  ta
=008  110826s2002\\\\no#|||||||||||000|1|eng|\
=014  1\$a030024358$b(NO-TrBIB)
=015  \\$a0305209$2nbf
=020  \\$a1860469779$qh.
=035  \\$a(EXLNZ-47BIBSYS_NETWORK)990300243584702201
=035  \\$a(NO-TrBIB)030024358
=035  \\$a030024358-47bibsys_network
=035  \\$a03ga00192-47bibsys_nb
=040  \\$aNO-OsNB$bnob$ekatreg
=041  1\$hnob
=042  \\$anorbibl
=044  \\$cno
=082  74$a839.823$qNO-OsNB$24/nor
=100  1\$aFossum, Karin$d1954-$0(NO-TrBIB)90608300
=245  10$aDon't look back$cKarin Fossum ; translated from the Norwegian by Felicity David
=246  1\$aSe deg ikke tilbake!$iOriginaltittel
=260  \\$aLondon$bHarvill Press$c2002
=300  \\$a252 s.
=490  1\$aAn Inspector Sejer mystery
=700  1\$aDavid, Felicity$4trl
=800  1\$aFossum, Karin$tAn Inspector Sejer mystery
=852  8\$b0030100$cg00005$hNA/A 2003:47
=856  42$3Forlagets beskrivelse (kort)$uhttps://contents.bibs.aws.unit.no/?isbn=1860469779
=856  42$3Forlagets beskrivelse (lang)$uhttps://contents.bibs.aws.unit.no/?isbn=1860469779
=856  42$3Forlagets beskrivelse (lang)$uhttps://contents.bibs.aws.unit.no/content/?isbn=9781860469770
=856  42$3Omslagsbilde$uhttps://contents.bibs.aws.unit.no/files/images/large/9/7/1860469779.jpg$qimage/jpeg
=856  42$3Omslagsbilde$uhttps://contents.bibs.aws.unit.no/files/images/small/0/7/9781860469770.jpg$qimage/jpeg
=856  42$3Omslagsbilde$uhttps://contents.bibs.aws.unit.no/files/images/small/9/7/1860469779.jpg$qimage/jpeg
=856  42$3Originalt bilde$uhttps://contents.bibs.aws.unit.no/files/images/original/0/7/9781860469770.jpg$qimage/jpeg
=859  \\$a0030100$bg00005$cNA/A 2003:47$f0$h0$x2015-10-31
=876  \\$a03ga00192$d20030107$jkat$p03ga00192$r03ga00192$wBOOK$xNorla$z(h.) (Til bruk på NB Oslos lesesal)
=901  \\$a90
=913  \\$aNorbok$bNB
=960  \\$an$9LOCAL
=997  \\$an$9LOCAL

