=LDR  01377cam a2200409 c 4500
=001  990300636394702202
=005  20230531141143.0
=007  ta
=008  110826s2002\\\\ic\||||e||||||000|1|ice|\
=014  1\$a030063639$b(NO-TrBIB)
=015  \\$a0308376$2nbf
=020  \\$a9979323116$qh.
=035  \\$a(EXLNZ-47BIBSYS_NETWORK)990300636394702201
=035  \\$a(NO-TrBIB)030063639
=035  \\$a030063639-47bibsys_network
=035  \\$a03ga00555-47bibsys_nb
=040  \\$aNO-OsNB$bnob$ekatreg
=041  1\$hnob
=042  \\$anorbibl
=044  \\$cis
=082  74$a839.823$qNO-OsNB$25/nor
=100  1\$aFossum, Karin$d1954-$0(NO-TrBIB)90608300
=245  10$aElsku Poona$cKarin Fossum ; Jón St. Kristjánsson þýddi
=246  1\$aElskede Poona$iOriginaltittel:
=260  \\$aReykjavík$bMál og menning$c2002
=300  \\$a269 s.
=500  \\$aUndertittel på omslaget: Saga um glæp
=655  \7$aRomaner$0(uri)https://id.nb.no/vocabulary/ntsf/258$2ntsf
=700  0\$aJón St. Kristjánsson$d1958-$0(NO-TrBIB)1498562805222$4trl
=740  0\$aSaga um glæp
=852  8\$b0030100$cg00005$hNA/A 2003:2076
=859  \\$a0030100$bg00005$cNA/A 2003:2076$f0$h0$x2015-10-31
=876  \\$a03ga00555$d20030408$jkat$p03ga00555$r03ga00555$wBOOK$xBDS$z(h.) (Til bruk på NB Oslos lesesal)
=901  \\$a90
=913  \\$aNorbok$bNB
=960  \\$an$9local
=997  \\$an$9local

