=LDR  02665cam a2200613 c 4500
=001  990303895504702202
=005  20230303082545.0
=007  cr||||||||||||
=007  ta
=008  130704s2003\\\\no#|||||\|||||000|1|nob|\
=014  1\$a030389550$b(NO-TrBIB)
=014  1\$a030389550$b(NO-TrBIB)
=015  \\$a0306967$2nbf
=020  \\$a8202223377$qh.$cNkr 99.00
=020  \\$a9788202223373$qh.
=035  \\$a(EXLNZ-47BIBSYS_NETWORK)990303895504702201
=035  \\$a(NO-TrBIB)030389550
=035  \\$a(NO-TrBIB)092635466
=035  \\$a030389550-47bibsys_network
=035  \\$a03ga04154-47bibsys_nb
=035  \\$a03sa03174-47bibsys_nb
=040  \\$aNO-OsNB$bnob$ekatreg
=042  \\$anorbibl
=044  \\$cno
=080  \\$a839.6
=082  74$a839.823$qNO-OsNB$25/nor
=084  \\$aS 4b$2oosk
=100  1\$aFossum, Karin$d1954-
=245  10$aSvarte sekunder$cKarin Fossum
=260  \\$a[Oslo]$bCappelen$c2003
=300  \\$a270 s.
=490  1\$aCap spenningens mestere
=500  \\$a1. norske utg. 2002
=500  \\$a5. oppl. 2005 med både 10- og 13-sifret ISBN
=500  \\$aOpplagshistorikk:  Denne utg., 2.-3. oppl. 2003; 5. oppl. 2005
=533  \\$aElektronisk reproduksjon$b[Norge]$cNasjonalbiblioteket Digital$d2009-06-10
=830  \0$aCap spenningens mestere
=852  8\$b0030100$cg00005$hNA/A 2003:1278
=852  8\$b0183334$cg00001$hc
=856  40$3$yNB Digital$uhttp://urn.nb.no/URN:NBN:no-nb_digibok_2009061000046$z
=856  41$3Fulltekst$uhttps://urn.nb.no/URN:NBN:no-nb_digibok_2009061000046$yNettbiblioteket$zDigital representasjon
=856  42$3Forlagets beskrivelse (kort)$uhttps://contents.bibs.aws.unit.no/?isbn=8202223377
=856  42$3Forlagets beskrivelse (kort)$uhttps://contents.bibs.aws.unit.no/?isbn=9788202223373
=856  42$3Forlagets beskrivelse (lang)$uhttps://contents.bibs.aws.unit.no/?isbn=8202223377
=856  42$3Forlagets beskrivelse (lang)$uhttps://contents.bibs.aws.unit.no/content/?isbn=9788202223373
=856  42$3Miniatyrbilde$uhttps://contents.bibs.aws.unit.no/files/images/small/3/7/9788202223373.jpg$qimage/jpeg
=856  42$3Omslagsbilde$uhttps://contents.bibs.aws.unit.no/files/images/large/3/7/9788202223373.jpg$qimage/jpeg
=856  42$3Originalt bilde$uhttps://contents.bibs.aws.unit.no/files/images/original/3/7/9788202223373.jpg$qimage/jpeg
=859  \\$a0030100$bg00005$cNA/A 2003:1278$f0$h0$x2015-10-31
=859  \\$a0183334$bg00001$cc$f0$h0$x2015-10-31
=876  \\$a03ga04154$d20030310$jkat$p03ga04154$r03ga04154$wBOOK$z(h.) (Til bruk på NB Oslos lesesal)
=876  \\$a03sa03174$d20030225$jkat$p03sa03174$r03sa03174$wBOOK
=901  \\$a90
=913  \\$aNorbok$bNB

