=LDR  02271cam a2200541 c 4500
=001  990305223404702202
=005  20230308122356.0
=007  cr||||||||||||
=007  ta
=008  090518s2003\\\\no#|||||\|||||000|1|nob|\
=014  1\$a03052234x$b(NO-TrBIB)
=014  1\$a03052234x$b(NO-TrBIB)
=015  \\$a0308081$2nbf
=020  \\$a8202228158$qh.$cNkr 99.00
=035  \\$a(EXLNZ-47BIBSYS_NETWORK)990305223404702201
=035  \\$a(NO-TrBIB)03052234x
=035  \\$a(NO-TrBIB)092468179
=035  \\$a03052234x-47bibsys_network
=035  \\$a03ga06922-47bibsys_nb
=035  \\$a03sa04281-47bibsys_nb
=040  \\$aNO-OsNB$bnob$ekatreg
=042  \\$anorbibl
=044  \\$cno
=082  74$a839.823$qNO-OsNB$25/nor
=100  1\$aFossum, Karin$d1954-
=245  10$aEvas øye$cKarin Fossum
=260  \\$a[Oslo]$bCappelen$c2003
=300  \\$a295 s.
=490  1\$aCap spenningens mestere
=500  \\$a1. utg. 1995
=500  \\$aOpplagshistorikk:  Denne utg., 2. oppl. 2004
=533  \\$aElektronisk reproduksjon$b[Norge]$cNasjonalbiblioteket Digital$d2009-05-08
=830  \0$aCap spenningens mestere
=852  8\$b0030100$cg00005$hNA/A 2003:1904
=852  8\$b0183334$cg00001$hc
=856  40$3$yNB Digital$uhttp://urn.nb.no/URN:NBN:no-nb_digibok_2009050800079$z
=856  41$3Fulltekst$uhttps://urn.nb.no/URN:NBN:no-nb_digibok_2009050800079$yNettbiblioteket$zDigital representasjon
=856  42$3Forlagets beskrivelse (kort)$uhttps://contents.bibs.aws.unit.no/?isbn=8202228158
=856  42$3Forlagets beskrivelse (lang)$uhttps://contents.bibs.aws.unit.no/?isbn=8202228158
=856  42$3Forlagets beskrivelse (lang)$uhttps://contents.bibs.aws.unit.no/content/?isbn=9788202228156
=856  42$3Omslagsbilde$uhttps://contents.bibs.aws.unit.no/files/images/large/6/5/9788202228156.jpg$qimage/jpeg
=856  42$3Originalt bilde$uhttps://contents.bibs.aws.unit.no/files/images/original/6/5/9788202228156.jpg$qimage/jpeg
=859  \\$a0030100$bg00005$cNA/A 2003:1904$f0$h0$x2015-10-31
=859  \\$a0183334$bg00001$cc$f0$h0$x2015-10-31
=876  \\$a03ga06922$d20030411$jkat$p03ga06922$r03ga06922$wBOOK$z(h.) (Til bruk på NB Oslos lesesal)
=876  \\$a03sa04281$d20030314$jkat$p03sa04281$r03sa04281$wBOOK
=901  \\$a90
=913  \\$aNorbok$bNB

