=LDR  01222cam a2200385 c 4500
=001  990306158954702202
=005  20160622112029.0
=007  ta
=008  110826s2003\\\\xx#|||||||||||000|1|swe|\
=014  1\$a030615895$b(NO-TrBIB)
=015  \\$a0408547$2nbf
=020  \\$a9137121677$qib.
=035  \\$a(EXLNZ-47BIBSYS_NETWORK)990306158954702201
=035  \\$a(NO-TrBIB)030615895
=035  \\$a030615895-47bibsys_network
=035  \\$a03ga05820-47bibsys_nb
=040  \\$aNO-OsNB$bnob$ekatreg
=041  1\$hnob
=042  \\$anorbibl
=044  \\$cse
=082  74$a839.823$qNO-OsNB$25/nor
=100  1\$aFossum, Karin$d1954-$0(NO-TrBIB)90608300
=245  10$aSvarta sekunder$cKarin Fossum ; översättning Helena och Ulf Örnkloo
=246  1\$aSvarte sekunder$iOriginaltittel
=260  \\$aStockholm$bForum$c2003
=300  \\$a218 s.
=700  1\$aÖrnkloo, Helena$4trl
=700  1\$aÖrnkloo, Ulf$4trl
=852  8\$b0030100$cg00005$hNA/A 2004:2257
=859  \\$a0030100$bg00005$cNA/A 2004:2257$f0$h0$x2015-10-31
=876  \\$a03ga05820$d20031106$jkat$p03ga05820$r03ga05820$wBOOK$xHe/KiP$z(ib.) (Til bruk på NB Oslos lesesal)
=901  \\$a90
=913  \\$aNorbok$bNB
=960  \\$an$9LOCAL
=997  \\$an$9LOCAL

