=LDR  01186cam a2200349 c 4500
=001  990308325514702202
=005  20110826164444.0
=007  ta
=008  110826s1998\\\\xx#|||||||||||000|u|nob|\
=014  1\$a030832551$b(NO-TrBIB)
=035  \\$a(EXLNZ-47BIBSYS_NETWORK)990308325514702201
=035  \\$a(NO-TrBIB)030832551
=035  \\$a030832551-47bibsys_network
=035  \\$a03sa06927-47bibsys_nb
=040  \\$aNO-OsNB$bnob$ekatreg
=080  \\$a791.44.071.11
=100  1\$aVikene, Åse$0(NO-TrBIB)2038291
=245  10$aSe deg ikke tilbake$cav Karin Fossum ; dramatisert for fjernsyn av Åse Vikene
=260  \\$a[Oslo]$b[NRK drama]$c1998
=300  \\$a208 bl.
=500  \\$aInneholder 4. episoder: Pike savnet, Fedre, Skjulte spor, Møte med en morder
=500  \\$aTV-manus
=700  1\$aFossum, Karin$d1954-$0(NO-TrBIB)90608300
=710  2\$aNRK drama$0(NO-TrBIB)68439
=740  0\$aFedre
=740  0\$aMøte med en morder
=740  0\$aPike savnet
=740  0\$aSkjulte spor
=852  8\$b0183334$cg00001$ha
=859  \\$a0183334$bg00001$ca$f0$h0$x2015-10-31
=876  \\$a03sa06927$d20030505$jkat$p03sa06927$r03sa06927$wBOOK$xflere eks kan ikke skaffes kwa
=901  \\$a80

