=LDR  00932cam a22002653c 4500
=001  990308329344702202
=005  20160114175409.0
=007  ta
=008  130122s2002\\\\xx#|||||||||||000|u|und|\
=014  1\$a030832934$b(NO-TrBIB)
=020  \\$a9143022707$qib.
=035  \\$a(EXLNZ-47BIBSYS_NETWORK)990308329344702201
=035  \\$a(NO-TrBIB)030832934
=035  \\$a030832934-47bibsys_network
=035  \\$a03ga07958-47bibsys_nb
=040  \\$aNO-OsNB$bnob$ekatreg
=100  1\$aFossum, Karin
=245  10$aNär djävulen håller ljuset$cKarin Fossum ; översättning av Helena och Ulf Örnkloo
=246  1\$aDjevelen holder lyset$iOriginaltittel
=250  \\$aNy utg.
=260  \\$aStockholm$bBonnierförl.$c2002
=852  8\$b0030100$cg00005
=859  \\$a0030100$bg00005$f0$h9$x2015-10-31
=876  \\$a03ga07958$d20130122$jakset$p03ga07958$r03ga07958$wBOOK$x(tidl.best 03-12-10 fra arkbok) (tidl.best 03-11-11 fra a). He
=901  \\$a50

