=LDR  01277cam a2200409 c 4500
=001  990308330434702202
=005  20160622112029.0
=007  ta
=008  110826s2003\\\\xx#|||||||||||000|1|swe|\
=014  1\$a030833043$b(NO-TrBIB)
=015  \\$a0409427$2nbf
=020  \\$a9176438686$qh.
=035  \\$a(EXLNZ-47BIBSYS_NETWORK)990308330434702201
=035  \\$a(NO-TrBIB)030833043
=035  \\$a030833043-47bibsys_network
=035  \\$a03ga07960-47bibsys_nb
=040  \\$aNO-OsNB$bnob$ekatreg
=041  1\$hnob
=042  \\$anorbibl
=044  \\$cse
=082  74$a839.823$qNO-OsNB$25/nor
=100  1\$aFossum, Karin$d1954-$0(NO-TrBIB)90608300
=245  10$aÄlskade Poona$cKarin Fossum ; översättning av Helena och Ulf Örnkloo
=246  1\$aElskede Poona$iOriginaltittel
=260  \\$a[Stockholm]$bMånPocket$c2003
=300  \\$a250 s.
=490  1\$aMånPocket
=700  1\$aÖrnkloo, Helena$4trl
=700  1\$aÖrnkloo, Ulf$4trl
=830  \0$aMånPocket
=852  8\$b0030100$cg00005$hNA/A 2004:2942
=859  \\$a0030100$bg00005$cNA/A 2004:2942$f0$h0$x2015-10-31
=876  \\$a03ga07960$d20031127$jkat$p03ga07960$r03ga07960$wBOOK$xHe$z(h.) (Til bruk på NB Oslos lesesal)
=901  \\$a90
=913  \\$aNorbok$bNB
=960  \\$an$9LOCAL
=997  \\$an$9LOCAL

