=LDR  02349cam a2200553 c 4500
=001  990308733984702202
=005  20230308122356.0
=007  cr||||||||||||
=007  ta
=008  150407s2003\\\\no#|||||\|||||000|1|nob|\
=014  1\$a030873398$b(NO-TrBIB)
=014  1\$a030873398$b(NO-TrBIB)
=015  \\$a0309746$2nbf
=020  \\$a8202228174$qh.$cNkr 99.00
=035  \\$a(EXLNZ-47BIBSYS_NETWORK)990308733984702201
=035  \\$a(NO-TrBIB)030873398
=035  \\$a(NO-TrBIB)092810357
=035  \\$a030873398-47bibsys_network
=035  \\$a03ga10666-47bibsys_nb
=035  \\$a03sa07426-47bibsys_nb
=040  \\$aNO-OsNB$bnob$ekatreg
=042  \\$anorbibl
=044  \\$cno
=080  \\$a839.6
=082  74$a839.823$qNO-OsNB$25/nor
=100  1\$aFossum, Karin$d1954-$0(NO-TrBIB)90608300
=245  10$aSe deg ikke tilbake! :$bkriminalroman$cKarin Fossum
=260  \\$aOslo$bCappelen$c2003
=300  \\$a275 s.
=490  1\$aCap spenningens mestere
=500  \\$a1. utg. 1996
=500  \\$aOpplagshistorikk:  Denne utg., 2. oppl. 2004
=533  \\$aElektronisk reproduksjon$b[Norge]$cNasjonalbiblioteket Digital$d2009-06-16
=830  \0$aCap spenningens mestere
=852  8\$b0030100$cg00005$hNA/A 2003:2880
=852  8\$b0183334$cg00001$hb
=856  40$3$yNB Digital$uhttp://urn.nb.no/URN:NBN:no-nb_digibok_2009061604022$z
=856  41$3Fulltekst$uhttps://urn.nb.no/URN:NBN:no-nb_digibok_2009061604022$yNettbiblioteket$zDigital representasjon
=856  42$3Forlagets beskrivelse (kort)$uhttps://contents.bibs.aws.unit.no/?isbn=8202228174
=856  42$3Forlagets beskrivelse (lang)$uhttps://contents.bibs.aws.unit.no/?isbn=8202228174
=856  42$3Miniatyrbilde$uhttps://contents.bibs.aws.unit.no/files/images/small/0/7/9788202228170.jpg$qimage/jpeg
=856  42$3Omslagsbilde$uhttps://contents.bibs.aws.unit.no/files/images/large/0/7/9788202228170.jpg$qimage/jpeg
=856  42$3Originalt bilde$uhttps://contents.bibs.aws.unit.no/files/images/original/0/7/9788202228170.jpg$qimage/jpeg
=859  \\$a0030100$bg00005$cNA/A 2003:2880$f0$h0$x2015-10-31
=859  \\$a0183334$bg00001$cb$f0$h0$x2015-10-31
=876  \\$a03ga10666$d20030709$jkat$p03ga10666$r03ga10666$wBOOK$z(h.) (Til bruk på NB Oslos lesesal)
=876  \\$a03sa07426$d20030512$jkat$p03sa07426$r03sa07426$wBOOK
=901  \\$a90
=913  \\$aNorbok$bNB

