=LDR  01453cam a2200445 c 4500
=001  990308737384702202
=005  20160622112037.0
=007  ta
=008  110826s2003\\\\xx#|||||||||||000|1|swe|\
=014  1\$a030873738$b(NO-TrBIB)
=015  \\$a0308055$2nbf
=020  \\$a9137121235$qib.
=035  \\$a(EXLNZ-47BIBSYS_NETWORK)990308737384702201
=035  \\$a(NO-TrBIB)030873738
=035  \\$a030873738-47bibsys_network
=035  \\$a03ga08391-47bibsys_nb
=040  \\$aNO-OsNB$bnob$ekatreg
=041  1\$hnob
=042  \\$anorbibl
=044  \\$cse
=082  74$a839.823$qNO-OsNB$25/nor
=100  1\$aFossum, Karin$d1954-$0(NO-TrBIB)90608300
=245  10$aEvas öga ; Se dig inte om! ; Den som fruktar vargen$cKarin Fossum ; översättning Helena och Ulf Örnkloo
=246  1\$aDen som frykter ulven$iOriginaltittel
=246  1\$aEvas øye$iOriginaltittel
=246  1\$aSe deg ikke tilbake!$iOriginaltittel
=260  \\$aStockholm$bForum$c2003
=300  \\$a655 s.
=700  1\$aÖrnkloo, Helena$4trl
=700  1\$aÖrnkloo, Ulf$4trl
=740  0\$aDen som fruktar vargen
=740  0\$aEvas öga
=740  0\$aSe dig inte om!
=852  8\$b0030100$cg00005$hNA/A 2006:8493
=859  \\$a0030100$bg00005$cNA/A 2006:8493$f0$h0$x2015-10-31
=876  \\$a03ga08391$d20031128$jkat$p03ga08391$r03ga08391$wBOOK$xHe$z(ib.) (Til bruk på NB Oslos lesesal)
=901  \\$a90
=913  \\$aNorbok$bNB
=960  \\$an$9LOCAL
=997  \\$an$9LOCAL

