=LDR  01272cam a2200397 c 4500
=001  990309989304702202
=005  20160622112030.0
=007  ta
=008  110826s2003\\\\xx#|||||||||||000|1|lav|\
=014  1\$a03099893x$b(NO-TrBIB)
=015  \\$a0309185$2nbf
=020  \\$a9984340384$qib.
=035  \\$a(EXLNZ-47BIBSYS_NETWORK)990309989304702201
=035  \\$a(NO-TrBIB)03099893x
=035  \\$a03099893x-47bibsys_network
=035  \\$a03ga09281-47bibsys_nb
=040  \\$aNO-OsNB$bnob$ekatreg
=041  1\$hnob
=042  \\$anorbibl
=044  \\$clv
=082  74$a839.823$qNO-OsNB$25/nor
=100  1\$aFossum, Karin$d1954-$0(NO-TrBIB)90608300
=245  10$aTikai neatskaties!$cKarina Fosuma ; no norvēg̉u valodas tulkojusi Dace Denin̦a
=246  1\$aSe deg ikke tilbake!$iOriginaltittel
=260  \\$aRīga$bAtēna$ccop. 2003
=300  \\$a259 s.
=490  1\$aAtēnas detektīvs
=700  1\$aDenin̦a, Dace$4trl
=830  \0$aAtēnas detektīvs
=852  8\$b0030100$cg00005$hNA/A 2003:2467
=859  \\$a0030100$bg00005$cNA/A 2003:2467$f0$h0$x2015-10-31
=876  \\$a03ga09281$d20030530$jkat$p03ga09281$r03ga09281$wBOOK$xNorla$z(ib.) (Til bruk på NB Oslos lesesal)
=901  \\$a90
=913  \\$aNorbok$bNB
=960  \\$an$9LOCAL
=997  \\$an$9LOCAL

