=LDR  02441cam a2200553 c 4500
=001  990310356044702202
=005  20230308122357.0
=007  cr||||||||||||
=007  ta
=008  130822s2003\\\\no#|||||\|||||000|1|nob|\
=014  1\$a031035604$b(NO-TrBIB)
=014  1\$a031035604$b(NO-TrBIB)
=015  \\$a0310053$2nbf
=020  \\$a8202228190$qh.$cNkr 99.00
=035  \\$a(EXLNZ-47BIBSYS_NETWORK)990310356044702201
=035  \\$a(NO-TrBIB)031035604
=035  \\$a(NO-TrBIB)09283731x
=035  \\$a031035604-47bibsys_network
=035  \\$a03ga11506-47bibsys_nb
=035  \\$a03sa08861-47bibsys_nb
=040  \\$aNO-OsNB$bnob$ekatreg
=042  \\$anorbibl
=044  \\$cno
=082  74$a839.823$qNO-OsNB$25/nor
=100  1\$aFossum, Karin$d1954-$0(NO-TrBIB)90608300
=245  10$aDen som frykter ulven :$bkriminalroman$cKarin Fossum
=260  \\$a[Oslo]$bCappelen$c2003
=300  \\$a254 s.
=490  1\$aCap spenningens mestere
=500  \\$a1. utg. 1997
=500  \\$aOpplagshistorikk:  Denne utg., 2.-3. oppl. 2004
=533  \\$aElektronisk reproduksjon$b[Norge]$cNasjonalbiblioteket Digital$d2009-06-24
=830  \0$aCap spenningens mestere
=852  8\$b0030100$cg00005$hNA/A 2003:3162
=852  8\$b0183334$cg00001$hc
=856  40$3$yNB Digital$uhttp://urn.nb.no/URN:NBN:no-nb_digibok_2009062400071$z
=856  41$3Fulltekst$uhttps://urn.nb.no/URN:NBN:no-nb_digibok_2009062400071$yNettbiblioteket$zDigital representasjon
=856  42$3Forlagets beskrivelse (kort)$uhttps://contents.bibs.aws.unit.no/?isbn=8202228190
=856  42$3Forlagets beskrivelse (lang)$uhttps://contents.bibs.aws.unit.no/?isbn=8202228190
=856  42$3Forlagets beskrivelse (lang)$uhttps://contents.bibs.aws.unit.no/content/?isbn=9788202228194
=856  42$3Miniatyrbilde$uhttps://contents.bibs.aws.unit.no/files/images/small/4/9/9788202228194.jpg$qimage/jpeg
=856  42$3Omslagsbilde$uhttps://contents.bibs.aws.unit.no/files/images/large/4/9/9788202228194.jpg$qimage/jpeg
=856  42$3Originalt bilde$uhttps://contents.bibs.aws.unit.no/files/images/original/4/9/9788202228194.jpg$qimage/jpeg
=859  \\$a0030100$bg00005$cNA/A 2003:3162$f0$h0$x2015-10-31
=859  \\$a0183334$bg00001$cc$f0$h0$x2015-10-31
=876  \\$a03ga11506$d20030730$jkat$p03ga11506$r03ga11506$wBOOK$z(h.) (Til bruk på NB Oslos lesesal)
=876  \\$a03sa08861$d20030605$jkat$p03sa08861$r03sa08861$wBOOK
=901  \\$a90
=913  \\$aNorbok$bNB

