=LDR  02310cam a2200541 c 4500
=001  990311823804702202
=005  20230308122357.0
=007  cr||||||||||||
=007  ta
=008  130225s2003\\\\no#|||||\|||||000|1|nob|\
=014  1\$a031182380$b(NO-TrBIB)
=014  1\$a031182380$b(NO-TrBIB)
=015  \\$a0310052$2nbf
=020  \\$a8202228212$qh.$cNkr 99.00
=035  \\$a(EXLNZ-47BIBSYS_NETWORK)990311823804702201
=035  \\$a(NO-TrBIB)031182380
=035  \\$a(NO-TrBIB)092757685
=035  \\$a031182380-47bibsys_network
=035  \\$a03ga11502-47bibsys_nb
=035  \\$a03sa09928-47bibsys_nb
=040  \\$aNO-OsNB$bnob$ekatreg
=042  \\$anorbibl
=044  \\$cno
=082  74$a839.823$qNO-OsNB$25/nor
=100  1\$aFossum, Karin$d1954-
=245  10$aDjevelen holder lyset :$bkriminalroman$cKarin Fossum
=260  \\$a[Oslo]$bCappelen$c2003
=300  \\$a232 s.
=490  1\$aCap spenningens mestere
=500  \\$a1. utg. 1998
=500  \\$aOpplagshistorikk:  Denne utg., 2. oppl. 2004
=533  \\$aElektronisk reproduksjon$b[Norge]$cNasjonalbiblioteket Digital$d2009-06-15
=830  \0$aCap spenningens mestere
=852  8\$b0030100$cg00005$hNA/A 2003:3161
=852  8\$b0183334$cg00001$hc
=856  40$3$yNB Digital$uhttp://urn.nb.no/URN:NBN:no-nb_digibok_2009061500010$z
=856  41$3Fulltekst$uhttps://urn.nb.no/URN:NBN:no-nb_digibok_2009061500010$yNettbiblioteket$zDigital representasjon
=856  42$3Forlagets beskrivelse (kort)$uhttps://contents.bibs.aws.unit.no/?isbn=8202228212
=856  42$3Forlagets beskrivelse (lang)$uhttps://contents.bibs.aws.unit.no/?isbn=8202228212
=856  42$3Miniatyrbilde$uhttps://contents.bibs.aws.unit.no/files/images/small/7/1/9788202228217.jpg$qimage/jpeg
=856  42$3Omslagsbilde$uhttps://contents.bibs.aws.unit.no/files/images/large/7/1/9788202228217.jpg$qimage/jpeg
=856  42$3Originalt bilde$uhttps://contents.bibs.aws.unit.no/files/images/original/7/1/9788202228217.jpg$qimage/jpeg
=859  \\$a0030100$bg00005$cNA/A 2003:3161$f0$h0$x2015-10-31
=859  \\$a0183334$bg00001$cc$f0$h0$x2015-10-31
=876  \\$a03ga11502$d20030730$jkat$p03ga11502$r03ga11502$wBOOK$z(h.) (Til bruk på NB Oslos lesesal)
=876  \\$a03sa09928$d20030630$jkat$p03sa09928$r03sa09928$wBOOK
=901  \\$a90
=913  \\$aNorbok$bNB

