=LDR  02347cam a2200541 c 4500
=001  990311831824702202
=005  20230323095201.0
=007  ta
=008  120816s2003\\\\no#|||||||||||000|1|nob|\
=014  1\$a031183182$b(NO-TrBIB)
=014  1\$a031183182$b(NO-TrBIB)
=015  \\$a0310137$2nbf
=020  \\$a8202231825$qh.$cNkr 99.00
=035  \\$a(EXLNZ-47BIBSYS_NETWORK)990311831824702201
=035  \\$a(NO-TrBIB)031183182
=035  \\$a031183182-47bibsys_network
=035  \\$a03ga11743-47bibsys_nb
=035  \\$a03sa09934-47bibsys_nb
=040  \\$aNO-OsNB$bnob$ekatreg
=042  \\$anorbibl
=044  \\$cno
=082  04$a839.82$223
=082  74$a839.823$qNO-OsNB$25/nor
=100  1\$aFossum, Karin$d1954-$0(NO-TrBIB)90608300
=245  10$aJonas Eckel :$broman$cKarin Fossum
=260  \\$a[Oslo]$bCappelen$c2003
=300  \\$a139 s.
=490  1\$aCUB
=500  \\$a1. utg. 2002
=533  \\$aElektronisk reproduksjon$b[Norge]$cNasjonalbiblioteket Digital$d2016-04-12
=653  \\$anorske$aromaner$a2000-tallet$askjønnlitteratur
=830  \0$aCUB
=852  8\$b0030100$cg00005$hNA/A 2003:3183
=852  8\$b0183334$cg00001$hc
=856  40$3$yNB Digital$uhttp://urn.nb.no/URN:NBN:no-nb_digibok_2016031408043$z
=856  41$3Fulltekst$uhttps://urn.nb.no/URN:NBN:no-nb_digibok_2016031408043$yNettbiblioteket$zDigital representasjon
=856  42$3Forlagets beskrivelse (kort)$uhttps://contents.bibs.aws.unit.no/?isbn=8202231825
=856  42$3Forlagets beskrivelse (lang)$uhttps://contents.bibs.aws.unit.no/?isbn=8202231825
=856  42$3Forlagets beskrivelse (lang)$uhttps://contents.bibs.aws.unit.no/content/?isbn=9788202231828
=856  42$3Miniatyrbilde$uhttps://contents.bibs.aws.unit.no/files/images/small/8/2/9788202231828.jpg$qimage/jpeg
=856  42$3Omslagsbilde$uhttps://contents.bibs.aws.unit.no/files/images/large/8/2/9788202231828.jpg$qimage/jpeg
=856  42$3Originalt bilde$uhttps://contents.bibs.aws.unit.no/files/images/original/8/2/9788202231828.jpg$qimage/jpeg
=859  \\$a0030100$bg00005$cNA/A 2003:3183$f0$h0$x2015-10-31
=859  \\$a0183334$bg00001$cc$f0$h0$x2015-10-31
=876  \\$a03ga11743$d20030801$jkat$p03ga11743$r03ga11743$wBOOK$z(h.) (Til bruk på NB Oslos lesesal)
=876  \\$a03sa09934$d20030630$jkat$p03sa09934$r03sa09934$wBOOK
=901  \\$a90
=913  \\$aNorbok$bNB

