=LDR  02080cam a2200481 c 4500
=001  990312924374702202
=005  20230306121133.0
=007  ta
=008  110826s2003\\\\xx#|||||||||||000|1|eng|\
=014  1\$a031292437$b(NO-TrBIB)
=015  \\$a0310314$2nbf
=020  \\$a1843430444$qh.
=035  \\$a(EXLNZ-47BIBSYS_NETWORK)990312924374702201
=035  \\$a(NO-TrBIB)031292437
=035  \\$a031292437-47bibsys_network
=035  \\$a03ga11073-47bibsys_nb
=040  \\$aNO-OsNB$bnob$ekatreg
=041  1\$hnob
=042  \\$anorbibl
=044  \\$cgb
=082  74$a839.823$qNO-OsNB$25/nor
=100  1\$aFossum, Karin$d1954-$0(NO-TrBIB)90608300
=245  10$aHe who fears the wolf$cKarin Fossum ; translated from the Norwegian by Felicity David
=246  1\$aDen som frykter ulven$iOriginaltittel
=260  \\$aLondon$bHarvill Press$c2003
=300  \\$a241 s.
=490  1\$aAn Inspector Sejer mystery
=700  1\$aDavid, Felicity$4trl
=800  1\$aFossum, Karin$tAn Inspector Sejer mystery
=852  8\$b0030100$cg00005$hNA/A 2003:3288
=856  42$3Forlagets beskrivelse (kort)$uhttps://contents.bibs.aws.unit.no/?isbn=1843430444
=856  42$3Forlagets beskrivelse (lang)$uhttps://contents.bibs.aws.unit.no/?isbn=1843430444
=856  42$3Forlagets beskrivelse (lang)$uhttps://contents.bibs.aws.unit.no/content/?isbn=9781843430445
=856  42$3Omslagsbilde$uhttps://contents.bibs.aws.unit.no/files/images/large/4/4/1843430444.jpg$qimage/jpeg
=856  42$3Omslagsbilde$uhttps://contents.bibs.aws.unit.no/files/images/small/4/4/1843430444.jpg$qimage/jpeg
=856  42$3Omslagsbilde$uhttps://contents.bibs.aws.unit.no/files/images/small/5/4/9781843430445.jpg$qimage/jpeg
=856  42$3Originalt bilde$uhttps://contents.bibs.aws.unit.no/files/images/original/5/4/9781843430445.jpg$qimage/jpeg
=859  \\$a0030100$bg00005$cNA/A 2003:3288$f0$h0$x2015-10-31
=876  \\$a03ga11073$d20030724$jkat$p03ga11073$r03ga11073$wBOOK$xNorla$z(h.) (Til bruk på NB Oslos lesesal)
=901  \\$a90
=913  \\$aNorbok$bNB
=960  \\$an$9LOCAL
=997  \\$an$9LOCAL

