=LDR  02801cam a2200625 c 4500
=001  990312977304702202
=005  20230531142931.0
=007  cr||||||||||||
=007  ta
=008  150828s2003\\\\no#|||||\|||||000|f|nob|\
=014  1\$a031297730$b(NO-TrBIB)
=014  1\$a031297730$b(NO-TrBIB)
=015  \\$a0310809$2nbf
=020  \\$a8202231841$qib.$qCappelen$cNkr 329.00
=020  \\$a8252545289$qib.$qBokklubben nye bøker
=035  \\$a(EXLNZ-47BIBSYS_NETWORK)990312977304702201
=035  \\$a(FHS-KS)16895
=035  \\$a(NO-TrBIB)031297730
=035  \\$a(NO-TrBIB)113779771
=035  \\$a031297730-47bibsys_network
=035  \\$a03ga13329-47bibsys_nb
=035  \\$a03sa13038-47bibsys_nb
=040  \\$aNO-OsNB$bnob$ekatreg
=042  \\$anorbibl
=044  \\$cno
=080  \\$a82
=080  \\$a839.6
=082  04$a839.82$223
=082  74$a839.823$qNO-OsNB$25/nor
=084  \\$aS 4b$2oosk
=100  1\$aFossum, Karin$d1954-$0(NO-TrBIB)90608300
=245  10$aNatt til fjerde november :$broman$cKarin Fossum
=260  \\$a[Oslo]$bCappelen$c2003
=300  \\$a175 s.
=533  \\$aElektronisk reproduksjon$b[Norge]$cNasjonalbiblioteket Digital$d2011-06-29
=653  \\$askjønnlitteratur$afamilien$asorg$aungdom$aflukt$afrigjøring$anorske$aromaner$a2000-tallet$anorsk$aprosa
=655  \7$aRomaner$0(uri)https://id.nb.no/vocabulary/ntsf/258$2ntsf
=740  0\$aNatt til 4. november
=852  8\$b0030100$cg00005$hNA/A 2003:3307
=852  8\$b0183334$cg00001$hb
=856  40$3$yNB Digital$uhttp://urn.nb.no/URN:NBN:no-nb_digibok_2011062905008$z
=856  41$3Fulltekst$uhttps://urn.nb.no/URN:NBN:no-nb_digibok_2011062905008$yNettbiblioteket$zDigital representasjon
=856  42$3Forlagets beskrivelse (kort)$uhttps://contents.bibs.aws.unit.no/?isbn=8202231841
=856  42$3Forlagets beskrivelse (lang)$uhttps://contents.bibs.aws.unit.no/?isbn=8202231841
=856  42$3Forlagets beskrivelse (lang)$uhttps://contents.bibs.aws.unit.no/content/?isbn=9788202231842
=856  42$3Omslagsbilde$uhttps://contents.bibs.aws.unit.no/files/images/large/2/4/9788202231842.jpg$qimage/jpeg
=856  42$3Omslagsbilde$uhttps://contents.bibs.aws.unit.no/files/images/small/1/4/8202231841.jpg$qimage/jpeg
=856  42$3Omslagsbilde$uhttps://contents.bibs.aws.unit.no/files/images/small/2/4/9788202231842.jpg$qimage/jpeg
=856  42$3Originalt bilde$uhttps://contents.bibs.aws.unit.no/files/images/original/2/4/9788202231842.jpg$qimage/jpeg
=859  \\$a0030100$bg00005$cNA/A 2003:3307$f0$h0$x2015-10-31
=859  \\$a0183334$bg00001$cb$f0$h0$x2015-10-31
=876  \\$a03ga13329$d20030904$jkat$p03ga13329$r03ga13329$wBOOK$z(ib.) (Til bruk på NB Oslos lesesal)
=876  \\$a03sa13038$d20030905$jkat$p03sa13038$r03sa13038$wBOOK
=901  \\$a90
=913  \\$aNorbok$bNB

