=LDR  02310cam a2200541 c 4500
=001  990313835484702202
=005  20230308122358.0
=007  cr||||||||||||
=007  ta
=008  110826s2003\\\\no#|||||\|||||000|1|nob|\
=014  1\$a031383548$b(NO-TrBIB)
=014  1\$a031383548$b(NO-TrBIB)
=015  \\$a0311179$2nbf
=020  \\$a8202228239$qh.$cNkr 99.00
=035  \\$a(EXLNZ-47BIBSYS_NETWORK)990313835484702201
=035  \\$a(NO-TrBIB)031383548
=035  \\$a(NO-TrBIB)112195784
=035  \\$a031383548-47bibsys_network
=035  \\$a03ga14029-47bibsys_nb
=035  \\$a03sa11672-47bibsys_nb
=040  \\$aNO-OsNB$bnob$ekatreg
=042  \\$anorbibl
=044  \\$cno
=082  74$a839.823$qNO-OsNB$25/nor
=100  1\$aFossum, Karin$d1954-$0(NO-TrBIB)90608300
=245  10$aElskede Poona :$bkriminalroman$cKarin Fossum
=260  \\$a[Oslo]$bCappelen$c2003
=300  \\$a273 s.
=490  1\$aCap spenningens mestere
=500  \\$a1. utg. 2000
=500  \\$aOpplagshistorikk:  2. oppl. 2005
=533  \\$aElektronisk reproduksjon$b[Norge]$cNasjonalbiblioteket Digital$d2011-03-25
=830  \0$aCap spenningens mestere
=852  8\$b0030100$cg00005$hNA/A 2003:3816
=852  8\$b0183334$cg00001$hc
=856  40$3$yNB Digital$uhttp://urn.nb.no/URN:NBN:no-nb_digibok_2011032508131$z
=856  41$3Fulltekst$uhttps://urn.nb.no/URN:NBN:no-nb_digibok_2011032508131$yNettbiblioteket$zDigital representasjon
=856  42$3Forlagets beskrivelse (kort)$uhttps://contents.bibs.aws.unit.no/?isbn=8202228239
=856  42$3Forlagets beskrivelse (lang)$uhttps://contents.bibs.aws.unit.no/?isbn=8202228239
=856  42$3Miniatyrbilde$uhttps://contents.bibs.aws.unit.no/files/images/small/1/3/9788202228231.jpg$qimage/jpeg
=856  42$3Omslagsbilde$uhttps://contents.bibs.aws.unit.no/files/images/large/1/3/9788202228231.jpg$qimage/jpeg
=856  42$3Originalt bilde$uhttps://contents.bibs.aws.unit.no/files/images/original/1/3/9788202228231.jpg$qimage/jpeg
=859  \\$a0030100$bg00005$cNA/A 2003:3816$f0$h0$x2015-10-31
=859  \\$a0183334$bg00001$cc$f0$h0$x2015-10-31
=876  \\$a03ga14029$d20030917$jkat$p03ga14029$r03ga14029$wBOOK$z(h.) (Til bruk på NB Oslos lesesal)
=876  \\$a03sa11672$d20030814$jkat$p03sa11672$r03sa11672$wBOOK
=901  \\$a90
=913  \\$aNorbok$bNB

