=LDR  01254cam a2200397 c 4500
=001  990314545344702202
=005  20160622112050.0
=007  ta
=008  110826s2000\\\\xx#|||||||||||000|1|fin|\
=014  1\$a031454534$b(NO-TrBIB)
=015  \\$a0408728$2nbf
=020  \\$a9515787777$qib.
=035  \\$a(EXLNZ-47BIBSYS_NETWORK)990314545344702201
=035  \\$a(NO-TrBIB)031454534
=035  \\$a031454534-47bibsys_network
=035  \\$a03ga12858-47bibsys_nb
=040  \\$aNO-OsNB$bnob$ekatreg
=041  1\$hnob
=042  \\$anorbibl
=044  \\$cfi
=082  74$a839.823$qNO-OsNB$25/nor
=100  1\$aFossum, Karin$d1954-$0(NO-TrBIB)90608300
=245  10$aPiru valoa kantaa$cKarin Fossum ; suomentanut Tarja Teva
=246  1\$aDjevelen holder lyset$iOriginaltittel
=250  \\$a2. painos
=260  \\$aHelsinki$bLike$c2000
=300  \\$a271 s.
=500  \\$aDenne utg., 1. oppl. 2000
=700  1\$aTeva, Tarja$4trl
=852  8\$b0030100$cg00005$hNA/A 2004:2385
=859  \\$a0030100$bg00005$cNA/A 2004:2385$f0$h0$x2015-10-31
=876  \\$a03ga12858$d20031114$jkat$p03ga12858$r03ga12858$wBOOK$xKiP$z(ib.) (2. painos 2004) (Til bruk på NB Oslos lesesal)
=901  \\$a90
=913  \\$aNorbok$bNB
=960  \\$an$9LOCAL
=997  \\$an$9LOCAL

