=LDR  01283cam a2200409 c 4500
=001  990314545854702202
=005  20160622112050.0
=007  ta
=008  110826s1999\\\\xx#|||||||||||000|1|fin|\
=014  1\$a031454585$b(NO-TrBIB)
=015  \\$a0408715$2nbf
=020  \\$a951578669X$qib.
=035  \\$a(EXLNZ-47BIBSYS_NETWORK)990314545854702201
=035  \\$a(NO-TrBIB)031454585
=035  \\$a031454585-47bibsys_network
=035  \\$a03ga12859-47bibsys_nb
=040  \\$aNO-OsNB$bnob$ekatreg
=041  1\$hnob
=042  \\$anorbibl
=044  \\$cfi
=082  74$a839.823$qNO-OsNB$25/nor
=100  1\$aFossum, Karin$d1954-$0(NO-TrBIB)90608300
=245  10$aKen sutta pelkää$cKarin Fossum ; suomentanut Tarja Teva
=246  1\$aDen som frykter ulven$iOriginaltittel
=260  \\$aHelsinki$bLike$c1999
=300  \\$a272 s.
=490  1\$a[Rikos kannattaa]
=500  \\$aSerietittel fra løst omslag
=700  1\$aTeva, Tarja$4trl
=830  \0$a[Rikos kannattaa]
=852  8\$b0030100$cg00005$hNA/A 2004:2384
=859  \\$a0030100$bg00005$cNA/A 2004:2384$f0$h0$x2015-10-31
=876  \\$a03ga12859$d20031114$jkat$p03ga12859$r03ga12859$wBOOK$xKiP$z(ib.) (Til bruk på NB Oslos lesesal)
=901  \\$a90
=913  \\$aNorbok$bNB
=960  \\$an$9LOCAL
=997  \\$an$9LOCAL

