=LDR  01171cam a2200361 c 4500
=001  990314547474702202
=005  20160622112050.0
=007  ta
=008  110826s1997\\\\xx#|||||||||||000|1|fin|\
=014  1\$a031454747$b(NO-TrBIB)
=015  \\$a9707694$2nbf
=020  \\$a9515785146$qh.
=035  \\$a(EXLNZ-47BIBSYS_NETWORK)990314547474702201
=035  \\$a(NO-TrBIB)031454747
=035  \\$a031454747-47bibsys_network
=035  \\$a03ga12864-47bibsys_nb
=040  \\$aNO-OsNB$bnob$ekatreg
=041  1\$hnob
=042  \\$anorbibl
=044  \\$cfi
=082  74$a839.823$qNO-OsNB$25/nor
=100  1\$aFossum, Karin$d1954-$0(NO-TrBIB)90608300
=245  10$aEvan katse :$bromaani$cKarin Fossum ; suomennos: Tarja Teva
=246  1\$aEvas øye$iOriginaltittel
=260  \\$aHelsinki$bLike$c[1997]
=300  \\$a304 s.
=852  8\$b0030100$cg00005$hNA/A 2007:728
=859  \\$a0030100$bg00005$cNA/A 2007:728$f0$h0$x2015-10-31
=876  \\$a03ga12864$d20041207$jkat$p03ga12864$r03ga12864$wBOOK$xKiP. Best hos Asf 5.2.04, mottatt som gave via He$z(h.) (Til bruk på NB Oslos lesesal)
=901  \\$a90
=913  \\$aNorbok$bNB
=960  \\$an$9LOCAL
=997  \\$an$9LOCAL

