=LDR  00615cam a22002053c 4500
=001  990319821234702202
=005  20160114180701.0
=007  ta
=008  040503s2003\\\\xx#|||||||||||000|u|und|\
=020  \\$a9143011209$qib.
=035  \\$a(EXLNZ-47BIBSYS_NETWORK)990319821234702201
=035  \\$a(NO-TrBIB)031982123
=035  \\$a031982123-47bibsys_network
=040  \\$aNO-OsNB$bnob$ekatreg
=100  1\$aFossum, Karin
=245  10$aSvarta sekunder$cKarin Fossum : översättning av Helena och Ulf Örnkloo
=246  1\$aSvarte sekunder$iOriginaltittel
=250  \\$a[Ny utg.]
=260  \\$aStockholm$bBonnier$c2003
=901  \\$a50

