=LDR  01308cam a2200409 c 4500
=001  990319823794702202
=005  20160622112050.0
=007  ta
=008  110826s2003\\\\xx#|||||||||||000|1|ger|\
=014  1\$a031982379$b(NO-TrBIB)
=015  \\$a0409651$2nbf
=020  \\$a349223979X$qh.
=035  \\$a(EXLNZ-47BIBSYS_NETWORK)990319823794702201
=035  \\$a(NO-TrBIB)031982379
=035  \\$a031982379-47bibsys_network
=035  \\$a03ga18093-47bibsys_nb
=040  \\$aNO-OsNB$bnob$ekatreg
=041  1\$hnob
=042  \\$anorbibl
=044  \\$cde
=082  74$a839.823$qNO-OsNB$25/nor
=100  1\$aFossum, Karin$d1954-$0(NO-TrBIB)90608300
=245  10$aDunkler Schlaf :$bRoman$cKarin Fossum ; aus dem Norwegischen von Gabriele Haefs
=246  1\$aDjevelen holder lyset$iOriginaltittel
=250  \\$aUngekürzte Taschenbuchausg.
=260  \\$aMünchen$bPiper$c2003
=300  \\$a262 s.
=490  1\$aSerie Piper$v3979
=700  1\$aHaefs, Gabriele$4trl
=830  \0$aSerie Piper$v3979
=852  8\$b0030100$cg00005$hNA/A 2004:3039
=859  \\$a0030100$bg00005$cNA/A 2004:3039$f0$h0$x2015-10-31
=876  \\$a03ga18093$d20040526$jkat$p03ga18093$r03ga18093$wBOOK$xKIP$z(h.) (Til bruk på NB Oslos lesesal)
=901  \\$a90
=913  \\$aNorbok$bNB
=960  \\$an$9LOCAL
=997  \\$an$9LOCAL

