=LDR  01329cam a2200421 c 4500
=001  990319824764702202
=005  20160622112050.0
=007  ta
=008  110826s2004\\\\xx#|||||||||||000|1|ger|\
=014  1\$a031982476$b(NO-TrBIB)
=015  \\$a0409704$2nbf
=020  \\$a3492238599$qh.
=035  \\$a(EXLNZ-47BIBSYS_NETWORK)990319824764702201
=035  \\$a(NO-TrBIB)031982476
=035  \\$a031982476-47bibsys_network
=035  \\$a03ga18094-47bibsys_nb
=040  \\$aNO-OsNB$bnob$ekatreg
=041  1\$hnob
=042  \\$anorbibl
=044  \\$cde
=082  74$a839.823$qNO-OsNB$25/nor
=100  1\$aFossum, Karin$d1954-$0(NO-TrBIB)90608300
=245  10$aEvas Auge :$bRoman$cKarin Fossum ; aus dem Norwegischen von Gabriele Haefs
=246  1\$aEvas øye$iOriginaltittel
=250  \\$a2. Aufl.
=260  \\$aMünchen$bPiper$c2004
=300  \\$a367 s.
=490  1\$aSerie Piper$v3859
=500  \\$aDenne utg., 1. oppl. 2003
=700  1\$aHaefs, Gabriele$4trl
=830  \0$aSerie Piper$v3859
=852  8\$b0030100$cg00005$hNA/A 2004:3037
=859  \\$a0030100$bg00005$cNA/A 2004:3037$f0$h0$x2015-10-31
=876  \\$a03ga18094$d20040526$jkat$p03ga18094$r03ga18094$wBOOK$xKiP$z(h.) (2. Aufl. 2004) (Til bruk på NB Oslos lesesal)
=901  \\$a90
=913  \\$aNorbok$bNB
=960  \\$an$9LOCAL
=997  \\$an$9LOCAL

