=LDR  01199cam a2200373 c 4500
=001  990319825224702202
=005  20160622112050.0
=007  ta
=008  110826s2003\\\\xx#|||||||||||000|1|ger|\
=014  1\$a031982522$b(NO-TrBIB)
=015  \\$a0408585$2nbf
=020  \\$a3492045472$qib.
=035  \\$a(EXLNZ-47BIBSYS_NETWORK)990319825224702201
=035  \\$a(NO-TrBIB)031982522
=035  \\$a031982522-47bibsys_network
=035  \\$a03ga18095-47bibsys_nb
=040  \\$aNO-OsNB$bnob$ekatreg
=041  1\$hnob
=042  \\$anorbibl
=044  \\$cde
=082  74$a839.823$qNO-OsNB$25/nor
=100  1\$aFossum, Karin$d1954-$0(NO-TrBIB)90608300
=245  10$aSchwarze Sekunden :$bRoman$cKarin Fossum ; aus dem Norwegischen von Gabriele Haefs
=246  1\$aSvarte sekunder$iOriginaltittel
=260  \\$aMünchen$bPiper$ccop. 2003
=300  \\$a299 s.
=700  1\$aHaefs, Gabriele$4trl
=852  8\$b0030100$cg00005$hNA/A 2004:2346
=859  \\$a0030100$bg00005$cNA/A 2004:2346$f0$h0$x2015-10-31
=876  \\$a03ga18095$d20031117$jkat$p03ga18095$r03ga18095$wBOOK$xKiP$z(ib.) (Til bruk på NB Oslos lesesal)
=901  \\$a90
=913  \\$aNorbok$bNB
=960  \\$an$9LOCAL
=997  \\$an$9LOCAL

