=LDR  02065cam a2200481 c 4500
=001  990320782694702202
=005  20230303142611.0
=007  ta
=008  110826s2003\\\\xx#|||||||||||000|1|eng|\
=014  1\$a032078269$b(NO-TrBIB)
=015  \\$a0409697$2nbf
=020  \\$a0099452138$qh.
=035  \\$a(EXLNZ-47BIBSYS_NETWORK)990320782694702201
=035  \\$a(NO-TrBIB)032078269
=035  \\$a032078269-47bibsys_network
=035  \\$a03ga19048-47bibsys_nb
=040  \\$aNO-OsNB$bnob$ekatreg
=041  1\$hnob
=042  \\$anorbibl
=044  \\$cgb
=082  74$a839.823$qNO-OsNB$25/nor
=100  1\$aFossum, Karin$d1954-$0(NO-TrBIB)90608300
=245  10$aDon't look back$cKarin Fossum ; translated from the Norwegian by Felicity David
=246  1\$aSe deg ikke tilbake!$iOriginaltittel
=260  \\$aLondon$bVintage$c2003
=300  \\$a252 s.
=490  1\$aAn Inspector Sejer mystery
=700  1\$aDavid, Felicity$4trl
=800  1\$aFossum, Karin$tAn Inspector Sejer mystery
=852  8\$b0030100$cg00005$hNA/A 2004:3034
=856  42$3Forlagets beskrivelse (kort)$uhttps://contents.bibs.aws.unit.no/?isbn=0099452138
=856  42$3Forlagets beskrivelse (lang)$uhttps://contents.bibs.aws.unit.no/?isbn=0099452138
=856  42$3Forlagets beskrivelse (lang)$uhttps://contents.bibs.aws.unit.no/content/?isbn=9780099452133
=856  42$3Omslagsbilde$uhttps://contents.bibs.aws.unit.no/files/images/large/8/3/0099452138.jpg$qimage/jpeg
=856  42$3Omslagsbilde$uhttps://contents.bibs.aws.unit.no/files/images/small/3/3/9780099452133.jpg$qimage/jpeg
=856  42$3Omslagsbilde$uhttps://contents.bibs.aws.unit.no/files/images/small/8/3/0099452138.jpg$qimage/jpeg
=856  42$3Originalt bilde$uhttps://contents.bibs.aws.unit.no/files/images/original/3/3/9780099452133.jpg$qimage/jpeg
=859  \\$a0030100$bg00005$cNA/A 2004:3034$f0$h0$x2015-10-31
=876  \\$a03ga19048$d20040525$jkat$p03ga19048$r03ga19048$wBOOK$xKiP$z(h.) (Til bruk på NB Oslos lesesal)
=901  \\$a90
=913  \\$aNorbok$bNB
=960  \\$an$9LOCAL
=997  \\$an$9LOCAL

