=LDR  01195cam a2200373 c 4500
=001  990322124374702202
=005  20160622153622.0
=007  ta
=008  110826s2003\\\\no#|||||||||||000|1|dan|\
=014  1\$a032212437$b(NO-TrBIB)
=015  \\$a0407031$2nbf
=020  \\$a8702020149$qh.
=035  \\$a(EXLNZ-47BIBSYS_NETWORK)990322124374702201
=035  \\$a(NO-TrBIB)032212437
=035  \\$a032212437-47bibsys_network
=035  \\$a03ga20781-47bibsys_nb
=040  \\$aNO-OsNB$bnob$ekatreg
=041  1\$hnob
=042  \\$anorbibl
=044  \\$cno
=082  74$a839.823$qNO-OsNB$25/nor
=100  1\$aFossum, Karin$d1954-$0(NO-TrBIB)90608300
=245  10$aJonas Eckel :$broman$cKarin Fossum ; på dansk ved Ida Jessen
=246  1\$aJonas Eckel$iOriginaltittel
=260  \\$a[København]$bGyldendal$c2003
=300  \\$a194 s.
=700  1\$aJessen, Ida$4trl
=852  8\$b0030100$cg00005$hNA/A 2004:742
=859  \\$a0030100$bg00005$cNA/A 2004:742$f0$h0$x2015-10-31
=876  \\$a03ga20781$d20040213$jkat$p03ga20781$r03ga20781$wBOOK$xTr.N. Bogmarkedet nr.28, 2003$z(h.) (Til bruk på NB Oslos lesesal)
=901  \\$a90
=913  \\$aNorbok$bNB
=960  \\$an$9LOCAL
=997  \\$an$9LOCAL

