=LDR  01194cam a2200373 c 4500
=001  990402670674702202
=005  20160622112106.0
=007  ta
=008  110826s2000\\\\xx#|||||||||||000|1|ice|\
=014  1\$a040267067$b(NO-TrBIB)
=015  \\$a0407327$2nbf
=020  \\$a9979320516$qh.
=035  \\$a(EXLNZ-47BIBSYS_NETWORK)990402670674702201
=035  \\$a(NO-TrBIB)040267067
=035  \\$a040267067-47bibsys_network
=035  \\$a04ga02482-47bibsys_nb
=040  \\$aNO-OsNB$bnob$ekatreg
=041  1\$hnob
=042  \\$anorbibl
=044  \\$cis
=082  74$a839.823$qNO-OsNB$25/nor
=100  1\$aFossum, Karin$d1954-$0(NO-TrBIB)90608300
=245  10$aSá er úlfinn óttast$cKarin Fossum ; Erna Árnadóttir þýddi
=246  1\$aDen som frykter ulven$iOriginaltittel
=260  \\$aReykjavík$bMál og menning$c2000
=300  \\$a259 s.
=700  0\$aErna Árnadóttir$4trl
=852  8\$b0030100$cg00005$hNA/A 2004:1526
=859  \\$a0030100$bg00005$cNA/A 2004:1526$f0$h0$x2015-10-31
=876  \\$a04ga02482$d20040225$jkat$p04ga02482$r04ga02482$wBOOK$xKiP$z(h.) (Til bruk på NB Oslos lesesal)
=901  \\$a90
=913  \\$aNorbok$bNB
=960  \\$an$9LOCAL
=997  \\$an$9LOCAL

