=LDR  01259cam a2200409 c 4500
=001  990402881454702202
=005  20160622112110.0
=007  ta
=008  110826s2004\\\\xx#|||||||||||000|1|fin|\
=014  1\$a040288145$b(NO-TrBIB)
=015  \\$a0409842$2nbf
=020  \\$a9524711095$qh.
=035  \\$a(EXLNZ-47BIBSYS_NETWORK)990402881454702201
=035  \\$a(NO-TrBIB)040288145
=035  \\$a040288145-47bibsys_network
=035  \\$a04ga02665-47bibsys_nb
=040  \\$aNO-OsNB$bnob$ekatreg
=041  1\$hnob
=042  \\$anorbibl
=044  \\$cfi
=082  74$a839.823$qNO-OsNB$25/nor
=100  1\$aFossum, Karin$d1954-$0(NO-TrBIB)90608300
=245  10$aKen sutta pelkää$cKarin Fossum ; suomennos: Tarja Teva
=246  1\$aDen som frykter ulven$iOriginaltittel
=250  \\$a2. painos
=260  \\$aHelsinki$bLike$c2004
=300  \\$a272 s.
=490  1\$aLike pokkari$v61
=700  1\$aTeva, Tarja$4trl
=830  \0$aLike pokkari$v61
=852  8\$b0030100$cg00005$hNA/A 2004:3099
=859  \\$a0030100$bg00005$cNA/A 2004:3099$f0$h0$x2015-10-31
=876  \\$a04ga02665$d20040527$jkat$p04ga02665$r04ga02665$wBOOK$xKiP$z(h.) (Til bruk på NB Oslos lesesal)
=901  \\$a90
=913  \\$aNorbok$bNB
=960  \\$an$9LOCAL
=997  \\$an$9LOCAL

