=LDR  01268cam a2200409 c 4500
=001  990402882184702202
=005  20160622112110.0
=007  ta
=008  110826s2001\\\\xx#|||||||||||000|1|fin|\
=014  1\$a040288218$b(NO-TrBIB)
=015  \\$a0407355$2nbf
=020  \\$a9515788854$qib.
=035  \\$a(EXLNZ-47BIBSYS_NETWORK)990402882184702201
=035  \\$a(NO-TrBIB)040288218
=035  \\$a040288218-47bibsys_network
=035  \\$a04ga02668-47bibsys_nb
=040  \\$aNO-OsNB$bnob$ekatreg
=041  1\$hnob
=042  \\$anorbibl
=044  \\$cfi
=082  74$a839.823$qNO-OsNB$25/nor
=100  1\$aFossum, Karin$d1954-$0(NO-TrBIB)90608300
=245  10$aRakas Poona$cKarin Fossum ; suomentanut Tarja Teva
=246  1\$aElskede Poona$iOriginaltittel
=260  \\$aHelsinki$bLike$c2001
=300  \\$a320 s.
=490  1\$a[Rikos kannattaa]
=500  \\$aSerietittel fra løst omslag
=700  1\$aTeva, Tarja$4trl
=830  \0$a[Rikos kannattaa]
=852  8\$b0030100$cg00005$hNA/A 2004:1532
=859  \\$a0030100$bg00005$cNA/A 2004:1532$f0$h0$x2015-10-31
=876  \\$a04ga02668$d20040301$jkat$p04ga02668$r04ga02668$wBOOK$xKiP$z(ib.) (Til bruk på NB Oslos lesesal)
=901  \\$a90
=913  \\$aNorbok$bNB
=960  \\$an$9LOCAL
=997  \\$an$9LOCAL

