=LDR  01312cam a2200421 c 4500
=001  990402882424702202
=005  20160622153701.0
=007  ta
=008  110826s2003\\\\no#|||||||||||000|1|fin|\
=014  1\$a040288242$b(NO-TrBIB)
=015  \\$a0407357$2nbf
=020  \\$a9524711125$qh.
=035  \\$a(EXLNZ-47BIBSYS_NETWORK)990402882424702201
=035  \\$a(NO-TrBIB)040288242
=035  \\$a040288242-47bibsys_network
=035  \\$a04ga02669-47bibsys_nb
=040  \\$aNO-OsNB$bnob$ekatreg
=041  1\$hnob
=042  \\$anorbibl
=044  \\$cno
=082  74$a839.823$qNO-OsNB$25/nor
=100  1\$aFossum, Karin$d1954-$0(NO-TrBIB)90608300
=245  10$aÄlä katso taaksesi!$cKarin Fossum ; suomentanut Tarja Teva
=246  1\$aSe deg ikke tilbake!$iOriginaltittel
=250  \\$a3. painos
=260  \\$aHelsinki$bLike$c2003
=300  \\$a304 s.
=490  1\$aLike pokkari
=500  \\$aDenne utg,. 1. oppl 1998
=700  1\$aTeva, Tarja$4trl
=830  \0$aLike pokkari
=852  8\$b0030100$cg00005$hNA/A 2004:1533
=859  \\$a0030100$bg00005$cNA/A 2004:1533$f0$h0$x2015-10-31
=876  \\$a04ga02669$d20040301$jkat$p04ga02669$r04ga02669$wBOOK$xKiP$z(h.) (3. painos 2003) (Til bruk på NB Oslos lesesal)
=901  \\$a90
=913  \\$aNorbok$bNB
=960  \\$an$9LOCAL
=997  \\$an$9LOCAL

