=LDR  03277cam a2200697 c 4500
=001  990403198734702202
=005  20230303093041.0
=007  ta
=008  150702s2004\\\\no#|||||||||||000|1|nob|\
=014  1\$a040319873$b(NO-TrBIB)
=014  1\$a040319873$b(NO-TrBIB)
=015  \\$a0407558$2nbf
=020  \\$a8292496025$qh.$cNkr 99.00
=035  \\$a(EXLNZ-47BIBSYS_NETWORK)990403198734702201
=035  \\$a(NO-TrBIB)040319873
=035  \\$a040319873-47bibsys_network
=035  \\$a04ga04942-47bibsys_nb
=035  \\$a04sa02937-47bibsys_nb
=040  \\$aNO-OsNB$bnob$ekatreg
=042  \\$anorbibl
=044  \\$cno
=082  74$a839.823$qNO-OsNB$25/nor
=084  \\$aS 3b$2oosk
=245  00$aNår du minst aner$credaktør: Ginni Schulstock Henriksen ; [Unni Lindell ... [et al.]]
=250  \\$a2. utg.
=260  \\$a[Kristiansund]$bKom forl.$c2004
=300  \\$a125 s.
=500  \\$a1. utg. 1998
=500  \\$aPå omslaget: 13 krimnoveller
=533  \\$aElektronisk reproduksjon$b[Norge]$cNasjonalbiblioteket Digital$d2016-08-17
=653  \\$anorsk$alitteratur$aantologier$anoveller$akriminallitteratur
=700  1\$aBlock, Lawrence$d1938-$0(NO-TrBIB)90172061
=700  1\$aDahl, Tor Edvin$d1943-$0(NO-TrBIB)90053783
=700  1\$aFolgerød, Ingebjørg$0(NO-TrBIB)4023419
=700  1\$aFossum, Karin$d1954-$0(NO-TrBIB)90608300
=700  1\$aHenriksen, Ginni Schulstock$ered.$0(NO-TrBIB)90869425
=700  1\$aLindell, Unni$d1957-$emedarb.$0(NO-TrBIB)90214573
=700  1\$aLyngar, Mona$d1944-$0(NO-TrBIB)90080625
=700  1\$aMacker, Richard$d1936-2024$0(NO-TrBIB)90132305
=700  1\$aRagde, Anne B.$d1957-$0(NO-TrBIB)90097114
=700  1\$aRodar, Lijane$0(NO-TrBIB)4023420
=700  1\$aSkagen, Fredrik$d1936-2017$0(NO-TrBIB)90067553
=700  1\$aSmåge, Kim$d1945-$0(NO-TrBIB)90084859
=700  1\$aStaalesen, Gunnar$d1947-$0(NO-TrBIB)90087965
=852  8\$b0030100$cg00005$hNA/A 2004:1630
=852  8\$b0183334$cg00001$hb
=856  40$3$yNB Digital$uhttp://urn.nb.no/URN:NBN:no-nb_digibok_2016081708086$z
=856  41$3Fulltekst$uhttps://urn.nb.no/URN:NBN:no-nb_digibok_2016081708086$yNettbiblioteket$zDigital representasjon
=856  42$3Forlagets beskrivelse (kort)$uhttps://contents.bibs.aws.unit.no/?isbn=8292496025
=856  42$3Forlagets beskrivelse (lang)$uhttps://contents.bibs.aws.unit.no/?isbn=8292496025
=856  42$3Forlagets beskrivelse (lang)$uhttps://contents.bibs.aws.unit.no/content/?isbn=9788292496022
=856  42$3Omslagsbilde$uhttps://contents.bibs.aws.unit.no/files/images/large/5/2/8292496025.jpg$qimage/jpeg
=856  42$3Omslagsbilde$uhttps://contents.bibs.aws.unit.no/files/images/small/2/2/9788292496022.jpg$qimage/jpeg
=856  42$3Omslagsbilde$uhttps://contents.bibs.aws.unit.no/files/images/small/5/2/8292496025.jpg$qimage/jpeg
=856  42$3Originalt bilde$uhttps://contents.bibs.aws.unit.no/files/images/original/2/2/9788292496022.jpg$qimage/jpeg
=859  \\$a0030100$bg00005$cNA/A 2004:1630$f0$h0$x2015-10-31
=859  \\$a0183334$bg00001$cb$f0$h0$x2015-10-31
=876  \\$a04ga04942$d20040315$jkat$p04ga04942$r04ga04942$wBOOK$z(h.) (Til bruk på NB Oslos lesesal)
=876  \\$a04sa02937$d20040217$jkat$p04sa02937$r04sa02937$wBOOK
=901  \\$a90
=913  \\$aNorbok$bNB

