=LDR  02660cim a2200553 c 4500
=001  990406002544702202
=005  20230220095720.0
=007  sd\f||||||||||
=008  110826s2004\\\\no#||||\|||||||f#|||nob|\
=014  1\$a040600254$b(NO-TrBIB)
=014  1\$a040600254$b(NO-TrBIB)
=015  \\$a0707629$2nbf
=020  \\$a8278441715$cNkr 298.00
=020  \\$a9788278441718
=035  \\$a(EXLNZ-47BIBSYS_NETWORK)990406002544702201
=035  \\$a(NO-TrBIB)040600254
=035  \\$a040600254-47bibsys_network
=035  \\$a04sa09818-47bibsys_nb
=035  \\$a07ga44109-47bibsys_nb
=040  \\$aNO-OsNB$bnob$ekatreg
=042  \\$anorbibl
=044  \\$cno
=082  74$a839.823$qNO-OsNB$25/nor
=100  1\$aFossum, Karin$d1954-$0(NO-TrBIB)90608300
=245  10$aNatt til fjerde november$cKarin Fossum$h[lydopptak]
=260  \\$aOslo$bFono forl.$c2004
=300  \\$a6 plater (CD) (6 t, 40 min)$bdigital$c12 cm, i eske
=500  \\$aLest av Unn Vibeke Hol
=500  \\$aMed 13-sifret ISBN fra 2006(?)
=700  1\$aHol, Unn Vibeke$d1951-$emedarb.$0(NO-TrBIB)37909
=740  0\$aNatt til 4. november
=852  8\$b0030100$cg00005$hSmåtr. 1278
=852  8\$b0183334$cg00001$hd KZ 2006 2289-2294
=856  42$3Forlagets beskrivelse (kort)$uhttps://contents.bibs.aws.unit.no/?isbn=8278441715
=856  42$3Forlagets beskrivelse (kort)$uhttps://contents.bibs.aws.unit.no/?isbn=9788278441718
=856  42$3Forlagets beskrivelse (lang)$uhttps://contents.bibs.aws.unit.no/?isbn=8278441715
=856  42$3Forlagets beskrivelse (lang)$uhttps://contents.bibs.aws.unit.no/?isbn=9788278441718
=856  42$3Lydfil$uhttps://contents.bibs.aws.unit.no/files/audio/mp3/8/1/9788278441718.mp3$qaudio/mpeg
=856  42$3Omslagsbilde$uhttps://contents.bibs.aws.unit.no/files/images/large/5/1/8278441715.jpg$qimage/jpeg
=856  42$3Omslagsbilde$uhttps://contents.bibs.aws.unit.no/files/images/large/8/1/9788278441718.jpg$qimage/jpeg
=856  42$3Omslagsbilde$uhttps://contents.bibs.aws.unit.no/files/images/small/5/1/8278441715.jpg$qimage/jpeg
=856  42$3Omslagsbilde$uhttps://contents.bibs.aws.unit.no/files/images/small/8/1/9788278441718.jpg$qimage/jpeg
=856  42$3Originalt bilde$uhttps://contents.bibs.aws.unit.no/files/images/original/8/1/9788278441718.jpg$qimage/jpeg
=859  \\$a0030100$bg00005$cSmåtr. 1278$f0$h0$x2015-10-31
=859  \\$a0183334$bg00001$cd KZ 2006 2289-2294$f0$h0$x2015-10-31
=876  \\$a04sa09818$d20070315$jkat$p04sa09818$r04sa09818$wCD$z(Nytt oppl. 2006(?))
=876  \\$a07ga44109$d20070530$jkat$p07ga44109$r07ga44109$wCD$z(CD-plate)(Til bruk på NB Oslos lesesal)
=901  \\$a90
=913  \\$aNorbok$bNB

