=LDR  01290cam a2200397 c 4500
=001  990406136074702202
=005  20160622112107.0
=007  ta
=008  110826s2003\\\\xx#|||||||||||000|1|dan|\
=014  1\$a040613607$b(NO-TrBIB)
=015  \\$a0308044$2nbf
=020  \\$a8702024578$qh.
=035  \\$a(EXLNZ-47BIBSYS_NETWORK)990406136074702201
=035  \\$a(NO-TrBIB)040613607
=035  \\$a040613607-47bibsys_network
=035  \\$a04ga03859-47bibsys_nb
=040  \\$aNO-OsNB$bnob$ekatreg
=041  1\$hnob
=042  \\$anorbibl
=044  \\$cdk
=082  74$a839.823$qNO-OsNB$25/nor
=100  1\$aFossum, Karin$d1954-$0(NO-TrBIB)90608300
=245  10$aSorte sekunder :$bkriminalroman$cKarin Fossum ; på dansk ved Bjarne Nielsen
=246  1\$aSvarte sekunder$iOriginaltittel
=260  \\$a[København]$bGyldendal$c2003
=300  \\$a240 s.
=490  1\$aGyldendal paperback
=700  1\$aNielsen, Bjarne$4trl
=830  \0$aGyldendal paperback
=852  8\$b0030100$cg00005$hNA/A 2006:2507
=859  \\$a0030100$bg00005$cNA/A 2006:2507$f0$h0$x2015-10-31
=876  \\$a04ga03859$d20041028$jkat$p04ga03859$r04ga03859$wBOOK$xTr.N. Bogmarkedet nr.5 2004$z(h.) (Til bruk på NB Oslos lesesal)
=901  \\$a90
=913  \\$aNorbok$bNB
=960  \\$an$9LOCAL
=997  \\$an$9LOCAL

