=LDR  01646cam a2200433 c 4500
=001  990408416264702202
=005  20221021094632.0
=007  ta
=008  110826s2003\\\\xx#|||||||||||000|1|eng|\
=014  1\$a040841626$b(NO-TrBIB)
=020  \\$a0151010323$qib.
=035  \\$a(EXLNZ-47BIBSYS_NETWORK)990408416264702201
=035  \\$a(NO-TrBIB)040841626
=035  \\$a040841626-47bibsys_network
=035  \\$a04ga05864-47bibsys_nb
=040  \\$aNO-OsNB$bnob$ekatreg
=041  1\$hnob
=042  \\$anorbibl
=044  \\$cus
=082  74$a839.823$qNO-OsNB$25/nor
=100  1\$aFossum, Karin$d1954-$0(NO-TrBIB)90608300
=245  10$aDon't look back$cKarin Fossum ; translated from the Norwegian by Felicity David
=246  1\$aSe deg ikke tilbake!$iOriginaltittel
=260  \\$aOrlando, Fla.$bHarcourt$c2003
=300  \\$a295 s.
=490  1\$a[An Inspector Sejer mystery]
=500  \\$aSerietittel fra løst omslag
=700  1\$aDavid, Felicity$4trl
=800  1\$aFossum, Karin$tAn Inspector Sejer mystery
=852  8\$b0030100$cg00005$hNA/A 2004:1922
=856  42$3Beskrivelse fra forlaget (kort)$uhttp://www.loc.gov/catdir/description/har041/2003056760.html
=856  42$3Forlagets beskrivelse (kort)$uhttps://contents.bibs.aws.unit.no/?isbn=0151010323
=856  42$3Omslagsbilde$uhttps://contents.bibs.aws.unit.no/files/images/large/5/2/9780151010325.jpg$qimage/jpeg
=859  \\$a0030100$bg00005$cNA/A 2004:1922$f0$h0$x2015-10-31
=876  \\$a04ga05864$d20040329$jkat$p04ga05864$r04ga05864$wBOOK$xHe$z(ib.) (Til bruk på NB Oslos lesesal)
=901  \\$a90
=913  \\$aNorbok$bNB
=960  \\$an$9LOCAL
=997  \\$an$9LOCAL

