=LDR  01360cam a2200421 c 4500
=001  990409595034702202
=005  20230531145515.0
=007  ta
=008  110826s2005\\\\xx#|||||||||||000|f|ger|\
=014  1\$a040959503$b(NO-TrBIB)
=015  \\$a0513194$2nbf
=020  \\$a3492230601$qh.
=035  \\$a(EXLNZ-47BIBSYS_NETWORK)990409595034702201
=035  \\$a(NO-TrBIB)040959503
=035  \\$a040959503-47bibsys_network
=035  \\$a04ga06811-47bibsys_nb
=040  \\$aNO-OsNB$bnob$ekatreg
=041  1\$hnob
=042  \\$anorbibl
=044  \\$cde
=082  74$a839.823$qNO-OsNB$25/nor
=100  1\$aFossum, Karin$d1954-$0(NO-TrBIB)90608300
=245  10$aFremde Blicke :$bRoman$cKarin Fossum ; aus dem Norwegischen von Gabriele Haefs
=246  1\$aSe deg ikke tilbake!$iOriginaltittel
=250  \\$a11. Aufl.
=260  \\$aMünchen$bPiper$c2005
=300  \\$a347 s.
=490  1\$aSerie Piper$v3060
=655  \7$aRomaner$0(uri)https://id.nb.no/vocabulary/ntsf/258$2ntsf
=700  1\$aHaefs, Gabriele$4trl
=830  \0$aSerie Piper$v3060
=852  8\$b0030100$cg00005$hNA/A 2005:5122
=859  \\$a0030100$bg00005$cNA/A 2005:5122$f0$h0$x2015-10-31
=876  \\$a04ga06811$d20051031$jkat$p04ga06811$r04ga06811$wBOOK$xKiP$z(h.) (Til bruk på NB Oslos lesesal)
=901  \\$a90
=913  \\$aNorbok$bNB
=960  \\$an$9LOCAL
=997  \\$an$9LOCAL

