=LDR  02697cam a2200601 c 4500
=001  990412520634702202
=005  20230308122529.0
=007  cr||||||||||||
=007  ta
=008  120816s2004\\\\no#|||||\|||||000|1|nob|\
=014  1\$a041252063$b(NO-TrBIB)
=014  1\$a041252063$b(NO-TrBIB)
=015  \\$a0409796$2nbf
=020  \\$a8202235146$qh.$cNkr 99.00
=035  \\$a(EXLNZ-47BIBSYS_NETWORK)990412520634702201
=035  \\$a(NO-TrBIB)041252063
=035  \\$a(NO-TrBIB)113878265
=035  \\$a041252063-47bibsys_network
=035  \\$a04ga09157-47bibsys_nb
=035  \\$a04sa07970-47bibsys_nb
=040  \\$aNO-OsNB$bnob$ekatreg
=042  \\$anorbibl
=044  \\$cno
=082  04$a839.82$223
=082  74$a839.823$qNO-OsNB$25/nor
=100  1\$aFossum, Karin$d1954-$0(NO-TrBIB)90608300
=245  10$aNatt til fjerde november :$broman$cKarin Fossum
=260  \\$a[Oslo]$bCappelen$c2004
=300  \\$a175 s.
=490  1\$aCUB
=500  \\$a1. utg. 2003
=500  \\$aOpplagshistorikk:  CUB-utg., 3.-4. oppl. 2004
=533  \\$aElektronisk reproduksjon$b[Norge]$cNasjonalbiblioteket Digital$d2011-07-07
=653  \\$askjønnlitteratur$afamilien$asorg$aungdom$aflukt$afrigjøring$anorske$aromaner$a2000-tallet$anorsk$aprosa
=740  0\$aNatt til 4. november
=830  \0$aCUB
=852  8\$b0030100$cg00005$hNA/A 2004:2830
=852  8\$b0183334$cg00001$hc
=856  40$3$yNB Digital$uhttp://urn.nb.no/URN:NBN:no-nb_digibok_2011070705171$z
=856  41$3Fulltekst$uhttps://urn.nb.no/URN:NBN:no-nb_digibok_2011070705171$yNettbiblioteket$zDigital representasjon
=856  42$3Forlagets beskrivelse (kort)$uhttps://contents.bibs.aws.unit.no/?isbn=8202235146
=856  42$3Forlagets beskrivelse (lang)$uhttps://contents.bibs.aws.unit.no/?isbn=8202235146
=856  42$3Forlagets beskrivelse (lang)$uhttps://contents.bibs.aws.unit.no/content/?isbn=9788202235147
=856  42$3Miniatyrbilde$uhttps://contents.bibs.aws.unit.no/files/images/small/7/4/9788202235147.jpg$qimage/jpeg
=856  42$3Omslagsbilde$uhttps://contents.bibs.aws.unit.no/files/images/large/7/4/9788202235147.jpg$qimage/jpeg
=856  42$3Omslagsbilde$uhttps://contents.bibs.aws.unit.no/files/images/small/7/4/9788202235147.jpg$qimage/jpeg
=856  42$3Originalt bilde$uhttps://contents.bibs.aws.unit.no/files/images/original/7/4/9788202235147.jpg$qimage/jpeg
=859  \\$a0030100$bg00005$cNA/A 2004:2830$f0$h0$x2015-10-31
=859  \\$a0183334$bg00001$cc$f0$h0$x2015-10-31
=876  \\$a04ga09157$d20040602$jkat$p04ga09157$r04ga09157$wBOOK$z(h.) (Til bruk på NB Oslos lesesal)
=876  \\$a04sa07970$d20040519$jkat$p04sa07970$r04sa07970$wBOOK
=901  \\$a90
=913  \\$aNorbok$bNB

