=LDR  02767cam a2200613 c 4500
=001  990413952554702202
=005  20230531150007.0
=007  cr||||||||||||
=007  ta
=008  150910s2004\\\\no#|||||\|||||000|f|nob|\
=014  1\$a041395255$b(NO-TrBIB)
=014  1\$a041395255$b(NO-TrBIB)
=015  \\$a0410445$2nbf
=020  \\$a8202235197$qh.$cNkr 149.00
=035  \\$a(EXLNZ-47BIBSYS_NETWORK)990413952554702201
=035  \\$a(NO-TrBIB)041395255
=035  \\$a(NO-TrBIB)15161637x
=035  \\$a041395255-47bibsys_network
=035  \\$a04ga10304-47bibsys_nb
=035  \\$a04sa09109-47bibsys_nb
=040  \\$aNO-OsNB$bnob$ekatreg
=042  \\$anorbibl
=044  \\$cno
=082  04$a839.82$223
=082  74$a839.823$qNO-OsNB$25/nor
=084  \\$aS 4b$2oosk
=100  1\$aFossum, Karin$d1954-$0(NO-TrBIB)90608300
=245  10$aNatt til fjerde november :$broman$cKarin Fossum
=260  \\$a[Oslo]$bCappelen$c2004
=300  \\$a175 s.
=490  1\$aCappelens storbøker
=500  \\$a1. utg. 2003
=533  \\$aElektronisk reproduksjon$b[Norge]$cNasjonalbiblioteket Digital$d2015-07-23
=653  \\$askjønnlitteratur$afamilien$asorg$aungdom$aflukt$afrigjøring$anorske$aromaner$a2000-tallet$anorsk$aprosa
=655  \7$aRomaner$0(uri)https://id.nb.no/vocabulary/ntsf/258$2ntsf
=740  0\$aNatt til 4. november
=830  \0$aCappelens storbøker
=852  8\$b0030100$cg00005$hNA/A 2004:3471
=852  8\$b0183334$cg00001$hb
=856  40$3$yNB Digital$uhttp://urn.nb.no/URN:NBN:no-nb_digibok_2015072308390$z
=856  41$3Fulltekst$uhttps://urn.nb.no/URN:NBN:no-nb_digibok_2015072308390$yNettbiblioteket$zDigital representasjon
=856  42$3Forlagets beskrivelse (kort)$uhttps://contents.bibs.aws.unit.no/?isbn=8202235197
=856  42$3Forlagets beskrivelse (lang)$uhttps://contents.bibs.aws.unit.no/?isbn=8202235197
=856  42$3Forlagets beskrivelse (lang)$uhttps://contents.bibs.aws.unit.no/content/?isbn=9788202235192
=856  42$3Omslagsbilde$uhttps://contents.bibs.aws.unit.no/files/images/large/2/9/9788202235192.jpg$qimage/jpeg
=856  42$3Omslagsbilde$uhttps://contents.bibs.aws.unit.no/files/images/small/2/9/9788202235192.jpg$qimage/jpeg
=856  42$3Omslagsbilde$uhttps://contents.bibs.aws.unit.no/files/images/small/7/9/8202235197.jpg$qimage/jpeg
=856  42$3Originalt bilde$uhttps://contents.bibs.aws.unit.no/files/images/original/2/9/9788202235192.jpg$qimage/jpeg
=859  \\$a0030100$bg00005$cNA/A 2004:3471$f0$h0$x2015-10-31
=859  \\$a0183334$bg00001$cb$f0$h0$x2015-10-31
=876  \\$a04ga10304$d20040622$jkat$p04ga10304$r04ga10304$wBOOK$z(ib.) (Til bruk på NB Oslos lesesal)
=876  \\$a04sa09109$d20040614$jkat$p04sa09109$r04sa09109$wBOOK
=901  \\$a90
=913  \\$aNorbok$bNB

