=LDR  01333cam a2200397 c 4500
=001  990414183954702202
=005  20160622112139.0
=007  ta
=008  130423s2004\\\\xx#|||||||||||000|1|swe|\
=014  1\$a041418395$b(NO-TrBIB)
=015  \\$a0412820$2nbf
=020  \\$a9137123769$qib.
=035  \\$a(EXLNZ-47BIBSYS_NETWORK)990414183954702201
=035  \\$a(NO-TrBIB)041418395
=035  \\$a041418395-47bibsys_network
=035  \\$a04ga10046-47bibsys_nb
=040  \\$aNO-OsNB$bnob$ekatreg
=041  1\$hnob
=042  \\$anorbibl
=044  \\$cse
=082  74$a839.823$qNO-OsNB$25/nor
=100  1\$aFossum, Karin$d1954-$0(NO-TrBIB)90608300
=245  10$aNatt till den fjärde november$cKarin Fossum ; översättning: Helena och Ulf Örnkloo
=246  1\$aNatt til fjerde november$iOriginaltittel
=260  \\$aStockholm$bForum$c2004
=300  \\$a175 s.
=700  1\$aÖrnkloo, Helena$4trl$0(NO-TrBIB)11042884
=700  1\$aÖrnkloo, Ulf$d1934-$4trl$0(NO-TrBIB)90137513
=740  0\$aNatt till den 4. november
=852  8\$b0030100$cg00005$hNA/A 2004:5075
=859  \\$a0030100$bg00005$cNA/A 2004:5075$f0$h0$x2015-10-31
=876  \\$a04ga10046$d20040922$jkat$p04ga10046$r04ga10046$wBOOK$xKiP$z(ib.) (Til bruk på NB Oslos lesesal)
=901  \\$a90
=913  \\$aNorbok$bNB
=960  \\$an$9LOCAL
=997  \\$an$9LOCAL

