=LDR  01620cim a2200349 c 4500
=001  990415050694702202
=005  20230313115824.0
=007  sd\f||||||||||
=008  110826s2002\\\\xx#||||\||||||||||||nob|d
=014  1\$a041505069$b(NO-TrBIB)
=020  \\$a8278441421
=035  \\$a(EXLNZ-47BIBSYS_NETWORK)990415050694702201
=035  \\$a(NO-TrBIB)041505069
=035  \\$a041505069-47bibsys_network
=035  \\$a04sa10392-47bibsys_nb
=040  \\$aNO-TrBIB$bnob$ekatreg
=100  1\$aFossum, Karin$d1954-$0(NO-TrBIB)90608300
=245  10$aSvarte sekunder$cKarin Fossum$h[lydopptak]
=260  \\$a[Oslo]$bFono Forlag AS$c2002
=300  \\$a7 plater (CD) (8 t)$bdigital$c12 cm, i eske
=500  \\$aLest av Trini Lund
=700  1\$aLund, Trini$d1951-$0(NO-TrBIB)98025238
=852  8\$b0183334$cg00001
=856  42$3Forlagets beskrivelse (kort)$uhttps://contents.bibs.aws.unit.no/?isbn=8278441421
=856  42$3Forlagets beskrivelse (lang)$uhttps://contents.bibs.aws.unit.no/?isbn=8278441421
=856  42$3Lydfil$uhttps://contents.bibs.aws.unit.no/files/audio/mp3/8/2/9788278441428.mp3$qaudio/mpeg
=856  42$3Miniatyrbilde$uhttps://contents.bibs.aws.unit.no/files/images/small/8/2/9788278441428.jpg$qimage/jpeg
=856  42$3Omslagsbilde$uhttps://contents.bibs.aws.unit.no/files/images/large/8/2/9788278441428.jpg$qimage/jpeg
=856  42$3Originalt bilde$uhttps://contents.bibs.aws.unit.no/files/images/original/8/2/9788278441428.jpg$qimage/jpeg
=859  \\$a0183334$bg00001$f0$h3$x2015-10-31
=876  \\$a04sa10392$d20070315$joppgitt$p04sa10392$r04sa10392$wCD$xPubl. er utsolgt. 21.02.07, BR
=901  \\$a80

