=LDR  02689cim a2200553 c 4500
=001  990415589604702202
=005  20230220095721.0
=007  sd\f||||||||||
=008  150407s2004\\\\no#||||\|||||||f#|||nob|\
=014  1\$a041558960$b(NO-TrBIB)
=014  1\$a041558960$b(NO-TrBIB)
=015  \\$a1014969$2nbf
=020  \\$a8278441812$qFono
=020  \\$a9788278441817$cNkr 298.00$qAller
=035  \\$a(EXLNZ-47BIBSYS_NETWORK)990415589604702201
=035  \\$a(NO-TrBIB)041558960
=035  \\$a041558960-47bibsys_network
=035  \\$a10g073894-47bibsys_nb
=035  \\$a10g088682-47bibsys_nb
=040  \\$aNO-OsNB$bnob$ekatreg
=042  \\$anorbibl
=044  \\$cno
=082  74$a839.823$qNO-OsNB$25/nor
=100  1\$aFossum, Karin$d1954-$0(NO-TrBIB)90608300
=245  10$aDen som frykter ulven$cKarin Fossum$h[lydopptak]
=260  \\$aBillingstad$bFono forl.$c2004
=300  \\$a7 plater (CD) (7 t, 50 min)$bdigital$c12 cm, i eske
=500  \\$a1. lydbokutg. 1997
=500  \\$aLest av Trini Lund
=500  \\$aNytt opplag 2008 med 13-sifret ISBN utgitt Aller forl.
=700  1\$aLund, Trini$d1951-$emedarb.$0(NO-TrBIB)98025238
=852  8\$b0030100$cg00005$hqSmåtr. 2275
=852  8\$b0183334$cg00001$hd KZ 2010 1085-1091
=856  42$3Forlagets beskrivelse (kort)$uhttps://contents.bibs.aws.unit.no/?isbn=8278441812
=856  42$3Forlagets beskrivelse (kort)$uhttps://contents.bibs.aws.unit.no/?isbn=9788278441817
=856  42$3Forlagets beskrivelse (lang)$uhttps://contents.bibs.aws.unit.no/?isbn=8278441812
=856  42$3Forlagets beskrivelse (lang)$uhttps://contents.bibs.aws.unit.no/?isbn=9788278441817
=856  42$3Lydfil$uhttps://contents.bibs.aws.unit.no/files/audio/mp3/7/1/9788278441817.mp3$qaudio/mpeg
=856  42$3Omslagsbilde$uhttps://contents.bibs.aws.unit.no/files/images/large/2/1/8278441812.jpg$qimage/jpeg
=856  42$3Omslagsbilde$uhttps://contents.bibs.aws.unit.no/files/images/large/7/1/9788278441817.jpg$qimage/jpeg
=856  42$3Omslagsbilde$uhttps://contents.bibs.aws.unit.no/files/images/small/2/1/8278441812.jpg$qimage/jpeg
=856  42$3Omslagsbilde$uhttps://contents.bibs.aws.unit.no/files/images/small/7/1/9788278441817.jpg$qimage/jpeg
=856  42$3Originalt bilde$uhttps://contents.bibs.aws.unit.no/files/images/original/7/1/9788278441817.jpg$qimage/jpeg
=859  \\$a0030100$bg00005$cqSmåtr. 2275$f0$h0$x2015-10-31
=859  \\$a0183334$bg00001$cd KZ 2010 1085-1091$f0$h0$x2015-10-31
=876  \\$a10g073894$d20100914$jkat$p10g073894$r10g073894$wCD$z(Nytt oppl. [2008])
=876  \\$a10g088682$d20100914$jkat$p10g088682$r10g088682$wCD$z(h.)(Til bruk på NB Oslos lesesal)
=901  \\$a90
=913  \\$aNorbok$bNB

