=LDR  01266cim a2200325 c 4500
=001  990415974004702202
=005  20110826164444.0
=007  sd\f||||||||||
=008  110826s2004\\\\xx#||||\||||||||||||nob|\
=014  1\$a041597400$b(NO-TrBIB)
=020  \\$a8242115311
=035  \\$a(EXLNZ-47BIBSYS_NETWORK)990415974004702201
=035  \\$a(NO-TrBIB)041597400
=035  \\$a041597400-47bibsys_network
=035  \\$a04sa11272-47bibsys_nb
=040  \\$aNO-OsNB$bnob$ekatreg
=100  1\$aLindell, Unni$d1957-$0(NO-TrBIB)90214573
=245  10$aSov i ro$cUnni Lindell ; lest av Nils Nordberg. Måtte Fanden ta deg!/ Karin Fossum ; lest av Gisken Armand$h[lydopptak]
=260  \\$a[Melhus]$bLydbokforl.$c2004
=300  \\$a1 plate (CD)(1 t, 12 min)$bdigital
=500  \\$aBilag til: KK, 2004 nr 26
=500  \\$aTittel på emballasjen: Utvalgte krimnoveller
=700  1\$aArmand, Gisken$d1962-$0(NO-TrBIB)98012201
=700  1\$aNordberg, Nils$d1942-$0(NO-TrBIB)90174225
=700  12$aFossum, Karin$d1954-$tMåtte Fanden ta deg!$0(NO-TrBIB)90608300
=740  0\$aUtvalgte krimnoveller
=852  8\$b0183334$cg00001
=859  \\$a0183334$bg00001$f0$h0$x2015-10-31
=876  \\$a04sa11272$d20040728$jkat$p04sa11272$r04sa11272$wCD$z(Oppstilt som periodikum)
=901  \\$a80

