=LDR  03476cam a2200745 c 4500
=001  990417281144702202
=005  20230531150531.0
=007  cr||||||||||||
=007  ta
=008  150828s2004\\\\no\|||||\|||||000|f|nob|\
=014  1\$a041728114$b(NO-TrBIB)
=014  1\$a041728114$b(NO-TrBIB)
=015  \\$a0412870$2nbf
=020  \\$a8202240654$qib.$cNkr 349.00$qCappelen
=020  \\$a8202241480$qib.$qCappelens bokklubb
=020  \\$a8252545572$qib.$qDe norske bokklubbene
=035  \\$a(EXLNZ-47BIBSYS_NETWORK)990417281144702201
=035  \\$a(NO-TrBIB)041728114
=035  \\$a(NO-TrBIB)112692133
=035  \\$a041728114-47bibsys_network
=035  \\$a04ga14395-47bibsys_nb
=035  \\$a04sa14375-47bibsys_nb
=040  \\$aNO-OsNB$bnob$ekatreg
=042  \\$anorbibl
=044  \\$cno
=080  \\$a82
=080  \\$a839.6
=082  04$a839.82$223
=082  74$a839.823$qNO-OsNB$25/nor
=084  \\$aS 4b$2oosk
=100  1\$aFossum, Karin$d1954-$0(NO-TrBIB)90608300
=245  10$aDrapet på Harriet Krohn$cKarin Fossum
=260  \\$a[Oslo]$bCappelen$c2004
=300  \\$a239 s.
=533  \\$aElektronisk reproduksjon$b[Norge]$cNasjonalbiblioteket Digital$d2011-05-16
=653  \\$askjønnlitteratur$akriminalromaner$anorske$aromaner$a2000-tallet$anorsk$aprosa$akrim
=655  \4$aKriminal
=655  \7$aRomaner$0(uri)https://id.nb.no/vocabulary/ntsf/258$2ntsf
=767  0\$aFossum, Karin$tDe moord op Harriet Krohn :$w999920557070602201
=767  0\$aFossum, Karin$tEl asesinato de Harriet Krohn$w999920557067502201
=767  0\$aFossum, Karin$tThe murder of Harriet Krohn$w991420989734702201
=767  0\$aFossum, Karin$tThe murder of Harriet Krohn$w991500256884702201
=767  0\$aFossum, Karin$tThe murder of Harriet Krohn$w991514527414702201
=767  0\$aFossum, Karin$tThe murder of Harriet Krohn$w999920116593502201$z978-1-78541-184-7
=767  0\$aFossum, Karin$tThe murder of Harriet Krohn$w999920421563402201
=776  0\$tDrapet på Harriet Krohn : kriminalroman$w991330750524702201
=852  8\$b0030100$cg00005$hNA/A 2004:5144
=852  8\$b0183334$cg00001$hb
=856  40$3$yNB Digital$uhttp://urn.nb.no/URN:NBN:no-nb_digibok_2011051608104$z
=856  41$3Fulltekst$uhttps://urn.nb.no/URN:NBN:no-nb_digibok_2011051608104$yNettbiblioteket$zDigital representasjon
=856  42$3Forlagets beskrivelse (kort)$uhttps://contents.bibs.aws.unit.no/?isbn=8202240654
=856  42$3Forlagets beskrivelse (kort)$uhttps://contents.bibs.aws.unit.no/?isbn=9788202240653
=856  42$3Forlagets beskrivelse (lang)$uhttps://contents.bibs.aws.unit.no/?isbn=8202240654
=856  42$3Forlagets beskrivelse (lang)$uhttps://contents.bibs.aws.unit.no/content/?isbn=9788202240653
=856  42$3Miniatyrbilde$uhttps://contents.bibs.aws.unit.no/files/images/small/3/5/9788202240653.jpg$qimage/jpeg
=856  42$3Omslagsbilde$uhttps://contents.bibs.aws.unit.no/files/images/large/3/5/9788202240653.jpg$qimage/jpeg
=856  42$3Originalt bilde$uhttps://contents.bibs.aws.unit.no/files/images/original/3/5/9788202240653.jpg$qimage/jpeg
=859  \\$a0030100$bg00005$cNA/A 2004:5144$f0$h0$x2015-10-31
=859  \\$a0183334$bg00001$cb$f0$h0$x2015-10-31
=876  \\$a04ga14395$d20040927$jkat$p04ga14395$r04ga14395$wBOOK$z(ib.) (Til bruk på NB Oslos lesesal)
=876  \\$a04sa14375$d20040924$jkat$p04sa14375$r04sa14375$wBOOK
=901  \\$a90
=913  \\$aKulturfond$bNB
=913  \\$aNorbok$bNB
=913  \\$aNORLA$bNB

