=LDR  01385cam a2200409 c 4500
=001  990418759664702202
=005  20230531150759.0
=007  ta
=008  130424s2004\\\\xx#|||||||||||000|f|dan|\
=014  1\$a041875966$b(NO-TrBIB)
=015  \\$a0510251$2nbf
=020  \\$a8702024136$qh.
=035  \\$a(EXLNZ-47BIBSYS_NETWORK)990418759664702201
=035  \\$a(NO-TrBIB)041875966
=035  \\$a041875966-47bibsys_network
=035  \\$a04ga14042-47bibsys_nb
=040  \\$aNO-OsNB$bnob$ekatreg
=041  1\$hnob
=042  \\$anorbibl
=044  \\$cdk
=082  74$a839.823$qNO-OsNB$25/nor
=100  1\$aFossum, Karin$d1954-$0(NO-TrBIB)90608300
=245  10$aNår djævelen holder lyset$cKarin Fossum ; på dansk ved Ida Jessen
=246  1\$aDjevelen holder lyset$iOriginaltittel
=260  \\$a[København]$bGyldendal$c2004
=300  \\$a240 s.
=490  1\$aGyldendal paperback
=655  \7$aRomaner$0(uri)https://id.nb.no/vocabulary/ntsf/258$2ntsf
=700  1\$aJessen, Ida$d1964-$4trl$0(NO-TrBIB)90791641
=830  \0$aGyldendal paperback
=852  8\$b0030100$cg00005$hNA/A 2005:3107
=859  \\$a0030100$bg00005$cNA/A 2005:3107$f0$h0$x2015-10-31
=876  \\$a04ga14042$d20050808$jkat$p04ga14042$r04ga14042$wBOOK$xTR.N. Bogmarkedet nr.38 2004$z(h.) (Til bruk på NB Oslos lesesal)
=901  \\$a90
=913  \\$aNorbok$bNB
=960  \\$an$9LOCAL
=997  \\$an$9LOCAL

