=LDR  01716cgm a2200373 c 4500
=001  990418811844702202
=005  20230105134806.0
=007  vd\|v||||
=008  140811s2004\\\\xx#|||||||||||####v|nob|d
=035  \\$a(EXLNZ-47BIBSYS_NETWORK)990418811844702201
=035  \\$a(NO-TrBIB)041881184
=035  \\$a041881184-47bibsys_network
=040  \\$aNO-TrBIB$bnob$ekatreg
=245  00$aDen som frykter ulven$cen Erich Hörtnagl film ; etter en bok av Karin Fossum$h[videoopptak]
=260  \\$aNesbru$bScanbox$c2004
=300  \\$a1 plate (DVD-video) (97 min)$blyd, kol.
=500  \\$aEkstramateriale: TV-spots, slettede scener, teaser trailer
=500  \\$aManus: Stefan Ahnhem. Musikk: Trond Bjerknæs
=500  \\$aNorsk tale, valgbare undertekster på flere språk
=500  \\$aProduksjon: Norge : Paradox/Angel, 2004
=500  \\$aRolleliste: Kristoffer Joner, Lars Bom, Laila Goody, Aksel Hennie, Stig Henrik Hoff
=500  \\$aStatens filmtilsyn : 49369
=500  \\$aThriller. Aldersgrense: 15 år
=653  \\$anorske$aspillefilmer$a2000-tallet$akriminal$aspenning$agisler$amord$aetterforsking$athriller$akrim$acrime$anorge$anorway
=700  1\$aAhnhem, Stefan$d1966-$0(NO-TrBIB)4096538$4aus
=700  1\$aBjerknæs, Trond$d1958-$0(NO-TrBIB)90856668
=700  1\$aBom, Lars$d1961-$0(NO-TrBIB)3114472$4act
=700  1\$aGoody, Laila$d1971-$0(NO-TrBIB)98062984$4act
=700  1\$aHennie, Aksel$d1975-$0(NO-TrBIB)99018367$4act
=700  1\$aHoff, Stig Henrik$d1965-$0(NO-TrBIB)98065717$4act
=700  1\$aHörtnagl, Erich$0(NO-TrBIB)4040590$4drt
=700  1\$aJoner, Kristoffer$d1972-$0(NO-TrBIB)1017922$4act
=700  12$aFossum, Karin$d1954-$tDen som frykter ulven$0(NO-TrBIB)90608300
=901  \\$a80

