=LDR  01198cam a2200373 c 4500
=001  990418956224702202
=005  20160622112129.0
=007  ta
=008  130424s2004\\\\xx#|||||||||||000|1|fin|\
=014  1\$a041895622$b(NO-TrBIB)
=015  \\$a0412815$2nbf
=020  \\$a9510282901$qib.
=035  \\$a(EXLNZ-47BIBSYS_NETWORK)990418956224702201
=035  \\$a(NO-TrBIB)041895622
=035  \\$a041895622-47bibsys_network
=035  \\$a04ga14174-47bibsys_nb
=040  \\$aNO-OsNB$bnob$ekatreg
=041  1\$hnob
=042  \\$anorbibl
=044  \\$cfi
=082  74$a839.823$qNO-OsNB$25/nor
=100  1\$aFossum, Karin$d1954-$0(NO-TrBIB)90608300
=245  10$aJonas Eckel$cKarin Fossum ; suomentanut Katriina Savolainen
=246  1\$aJonas Eckel$iOriginaltittel
=260  \\$aHelsinki$bJohnny Kniga$c2004
=300  \\$a167 s.
=700  1\$aSavolainen, Katriina$4trl$0(NO-TrBIB)11045548
=852  8\$b0030100$cg00005$hNA/A 2004:5073
=859  \\$a0030100$bg00005$cNA/A 2004:5073$f0$h0$x2015-10-31
=876  \\$a04ga14174$d20040922$jkat$p04ga14174$r04ga14174$wBOOK$xHe$z(ib.) (Til bruk på NB Oslos lesesal)
=901  \\$a90
=913  \\$aNorbok$bNB
=960  \\$an$9LOCAL
=997  \\$an$9LOCAL

