=LDR  01608cam a2200457 c 4500
=001  990418957544702202
=005  20160622112129.0
=007  ta
=008  130419s2004\\\\xx#|||||||||||000|1|dut|\
=014  1\$a041895754$b(NO-TrBIB)
=014  1\$a041895754$b(NO-TrBIB)
=015  \\$a0412724$2nbf
=020  \\$a9076341664$qh.
=035  \\$a(EXLNZ-47BIBSYS_NETWORK)990418957544702201
=035  \\$a(NO-TrBIB)041895754
=035  \\$a041895754-47bibsys_network
=035  \\$a04ga14177-47bibsys_nb
=035  \\$a04ga14824-47bibsys_nb
=040  \\$aNO-OsNB$bnob$ekatreg
=041  1\$hnob
=042  \\$anorbibl
=044  \\$cbe
=082  74$a839.823$qNO-OsNB$25/nor
=100  1\$aFossum, Karin$d1954-$0(NO-TrBIB)90608300
=245  10$aZwarte seconden$cKarin Fossum ; vertaald door Annemarie Smit
=246  1\$aSvarte sekunder$iOriginaltittel
=250  \\$a3e druk
=260  \\$aAntwerpen$bManteau$c2004
=300  \\$a292 s.
=500  \\$aDenne utg., 1. oppl. 2004
=500  \\$aOpplagshistorikk:  Denne utg., 1. oppl. 2004; 4. oppl. 2004
=852  8\$b0030100$cg00005$hNA/A 2004:5061
=852  8\$b0030100$cg00005$hNA/A 2004:5836
=859  \\$a0030100$bg00005$cNA/A 2004:5061$f0$h0$x2015-10-31
=859  \\$a0030100$bg00005$cNA/A 2004:5836$f0$h0$x2015-10-31
=876  \\$a04ga14177$d20040922$jkat$p04ga14177$r04ga14177$wBOOK$xHe$z(h.) (3e druk 2004) (Til bruk på NB Oslos lesesal)
=876  \\$a04ga14824$d20041004$jkat$p04ga14824$r04ga14824$wBOOK$xHe$z(h.) (4e druk 2004) (Til bruk på NB Oslos lesesal)
=901  \\$a90
=913  \\$aNorbok$bNB
=960  \\$an$9LOCAL
=997  \\$an$9LOCAL

