=LDR  01274cam a2200385 c 4500
=001  990418961224702202
=005  20230531150835.0
=007  ta
=008  130419s2003\\\\be\||||e||||||000|f|dut|\
=014  1\$a041896122$b(NO-TrBIB)
=015  \\$a0412725$2nbf
=020  \\$a9076341524$qh.
=035  \\$a(EXLNZ-47BIBSYS_NETWORK)990418961224702201
=035  \\$a(NO-TrBIB)041896122
=035  \\$a041896122-47bibsys_network
=035  \\$a04ga14180-47bibsys_nb
=040  \\$aNO-OsNB$bnob$ekatreg
=041  1\$hnob$adut
=042  \\$anorbibl
=044  \\$cbe
=082  74$a839.823$qNO-OsNB$25/nor
=100  1\$aFossum, Karin$d1954-$0(NO-TrBIB)90608300$4aut
=245  10$aDe Indiase bruid$cKarin Fossum ; vertaald door Annemarie Smit
=246  1\$aElskede Poona$iOriginaltittel:
=260  \\$aAntwerpen$bManteau$c2003
=300  \\$a325 s.
=655  \7$aRomaner$0(uri)https://id.nb.no/vocabulary/ntsf/258$2ntsf
=700  1\$aSmit, Annemarie$4trl$0(NO-TrBIB)7077491
=852  8\$b0030100$cg00005$hNA/A 2004:5062
=859  \\$a0030100$bg00005$cNA/A 2004:5062$f0$h0$x2015-10-31
=876  \\$a04ga14180$d20040922$jkat$p04ga14180$r04ga14180$wBOOK$xHe$z(h.) (Til bruk på NB Oslos lesesal)
=901  \\$a90
=913  \\$aNorbok$bNB
=960  \\$an$9local
=997  \\$an$9local

