=LDR  01171cam a2200373 c 4500
=001  990418967504702202
=005  20160622112130.0
=007  ta
=008  130419s1998\\\\xx#|||||||||||000|1|dut|\
=014  1\$a041896750$b(NO-TrBIB)
=015  \\$a0412859$2nbf
=020  \\$qh.
=035  \\$a(EXLNZ-47BIBSYS_NETWORK)990418967504702201
=035  \\$a(NO-TrBIB)041896750
=035  \\$a041896750-47bibsys_network
=035  \\$a04ga14184-47bibsys_nb
=040  \\$aNO-OsNB$bnob$ekatreg
=041  1\$hnob
=042  \\$anorbibl
=044  \\$cbe
=082  74$a839.823$qNO-OsNB$25/nor
=100  1\$aFossum, Karin$d1954-$0(NO-TrBIB)90608300
=245  10$aEva's oog$cKarin Fossum ; [vertaling: Annemarie Smit]
=246  1\$aEvas øye$iOriginaltittel
=260  \\$aAntwerpen$bManteau$ccop. 1998
=300  \\$a305 s.
=700  1\$aSmit, Annemarie$4trl$0(NO-TrBIB)7077491
=852  8\$b0030100$cg00005$hNA/A 2004:5087
=859  \\$a0030100$bg00005$cNA/A 2004:5087$f0$h0$x2015-10-31
=876  \\$a04ga14184$d20040922$jkat$p04ga14184$r04ga14184$wBOOK$xHe$z(h.) (Til bruk på NB Oslos lesesal)
=901  \\$a90
=913  \\$aNorbok$bNB
=960  \\$an$9LOCAL
=997  \\$an$9LOCAL

