=LDR  01218cam a2200385 c 4500
=001  990420161774702202
=005  20160622112125.0
=007  ta
=008  110826s2004\\\\xx#|||||||||||000|1|swe|\
=014  1\$a042016177$b(NO-TrBIB)
=015  \\$a0407061$2nbf
=020  \\$a9170011982$qh.
=035  \\$a(EXLNZ-47BIBSYS_NETWORK)990420161774702201
=035  \\$a(NO-TrBIB)042016177
=035  \\$a042016177-47bibsys_network
=035  \\$a04ga15414-47bibsys_nb
=040  \\$aNO-OsNB$bnob$ekatreg
=041  1\$hnob
=042  \\$anorbibl
=044  \\$cse
=082  74$a839.823$qNO-OsNB$25/nor
=100  1\$aFossum, Karin$d1954-$0(NO-TrBIB)90608300
=245  10$aJonas Eckel$cKarin Fossum ; översättning av Helena och Ulf Örnkloo
=246  1\$aJonas Eckel$iOriginaltittel
=260  \\$a[Stockholm]$bMånPocket$c2004
=300  \\$a151 s.
=700  1\$aÖrnkloo, Helena$4trl
=700  1\$aÖrnkloo, Ulf$4trl
=852  8\$b0030100$cg00005$hNA/A 2006:7472
=859  \\$a0030100$bg00005$cNA/A 2006:7472$f0$h0$x2015-10-31
=876  \\$a04ga15414$d20060815$jkat$p04ga15414$r04ga15414$wBOOK$xHe$z(h.) (Til bruk på NB Oslos lesesal)
=901  \\$a90
=913  \\$aNorbok$bNB
=960  \\$an$9LOCAL
=997  \\$an$9LOCAL

