=LDR  01333cam a2200409 c 4500
=001  990420419614702202
=005  20230531151101.0
=007  ta
=008  110826s2004\\\\xx#|||||||||||000|f|ger|\
=014  1\$a042041961$b(NO-TrBIB)
=015  \\$a0612071$2nbf
=020  \\$a349224288X$qh.
=035  \\$a(EXLNZ-47BIBSYS_NETWORK)990420419614702201
=035  \\$a(NO-TrBIB)042041961
=035  \\$a042041961-47bibsys_network
=035  \\$a04ga15675-47bibsys_nb
=040  \\$aNO-OsNB$bnob$ekatreg
=041  1\$hnob
=042  \\$anorbibl
=044  \\$cde
=082  74$a839.823$qNO-OsNB$25/nor
=100  1\$aFossum, Karin$d1954-$0(NO-TrBIB)90608300
=245  10$aSchwarze Sekunden :$bRoman$cKarin Fossum ; aus dem Norwegischen von Gabriele Haefs
=246  1\$aSvarte sekunder$iOriginaltittel
=260  \\$aMünchen$bPiper$c2004
=300  \\$a299 s.
=490  1\$aSerie Piper$v4288
=655  \7$aRomaner$0(uri)https://id.nb.no/vocabulary/ntsf/258$2ntsf
=700  1\$aHaefs, Gabriele$4trl
=830  \0$aSerie Piper$v4288
=852  8\$b0030100$cg00005$hNA/A 2006:4922
=859  \\$a0030100$bg00005$cNA/A 2006:4922$f0$h0$x2015-10-31
=876  \\$a04ga15675$d20060626$jkat$p04ga15675$r04ga15675$wBOOK$xKiP$z(h.) (Til bruk på NB Oslos lesesal)
=901  \\$a90
=913  \\$aNorbok$bNB
=960  \\$an$9LOCAL
=997  \\$an$9LOCAL

