=LDR  02298cim a2200517 c 4500
=001  990421033984702202
=005  20230303104626.0
=007  sd\f||||||||||
=008  150625s2004\\\\no#||||\|||||||f#|||nob|\
=014  1\$a042103398$b(NO-TrBIB)
=014  1\$a042103398$b(NO-TrBIB)
=015  \\$a1013984$2nbf
=020  \\$a8202240956$cNkr 349.00
=035  \\$a(EXLNZ-47BIBSYS_NETWORK)990421033984702201
=035  \\$a(NO-TrBIB)042103398
=035  \\$a042103398-47bibsys_network
=035  \\$a04ga17136-47bibsys_nb
=035  \\$a04sa16216-47bibsys_nb
=040  \\$aNO-OsNB$bnob$ekatreg
=042  \\$anorbibl
=044  \\$cno
=082  74$a838.823$qNO-OsNB$25/nor
=100  1\$aFossum, Karin$d1954-$0(NO-TrBIB)90608300
=245  10$aDrapet på Harriet Krohn$cKarin Fossum$h[lydopptak]
=260  \\$a[Oslo]$bCappelen$c2004
=300  \\$a7 plater (CD) (8 t, 1 min)$bdigital$c12 cm, i eske
=490  1\$aLydbok fra Cappelen
=500  \\$aLest av Nils Ole Oftebro
=655  \4$aKriminal
=700  1\$aOftebro, Nils Ole$d1944-$emedarb.$0(NO-TrBIB)90605327
=830  \0$aLydbok fra Cappelen
=852  8\$b0030100$cg00005$hSmåtr. 1804
=852  8\$b0183334$cg00001$hd KZ 2005 0894-0900
=856  42$3Forlagets beskrivelse (kort)$uhttps://contents.bibs.aws.unit.no/?isbn=8202240956
=856  42$3Forlagets beskrivelse (lang)$uhttps://contents.bibs.aws.unit.no/?isbn=8202240956
=856  42$3Forlagets beskrivelse (lang)$uhttps://contents.bibs.aws.unit.no/content/?isbn=9788202240950
=856  42$3Lydfil$uhttps://contents.bibs.aws.unit.no/files/audio/mp3/0/5/9788202240950.mp3$qaudio/mpeg
=856  42$3Omslagsbilde$uhttps://contents.bibs.aws.unit.no/files/images/large/0/5/9788202240950.jpg$qimage/jpeg
=856  42$3Omslagsbilde$uhttps://contents.bibs.aws.unit.no/files/images/small/6/5/8202240956.jpg$qimage/jpeg
=856  42$3Originalt bilde$uhttps://contents.bibs.aws.unit.no/files/images/original/0/5/9788202240950.jpg$qimage/jpeg
=859  \\$a0030100$bg00005$cSmåtr. 1804$f0$h0$x2015-10-31
=859  \\$a0183334$bg00001$cd KZ 2005 0894-0900$f0$h0$x2015-10-31
=876  \\$a04ga17136$d20041109$jkat$p04ga17136$r04ga17136$wCD$z(CD)(Til bruk på NB Oslos lesesal)
=876  \\$a04sa16216$d20041026$jkat$p04sa16216$r04sa16216$wCD
=901  \\$a90
=913  \\$aNorbok$bNB

