=LDR  02284cam a2200529 c 4500
=001  990422880294702202
=005  20230308122656.0
=007  cr||||||||||||
=007  ta
=008  150901s2004\\\\no#|||||\|||||000|j|nob|\
=014  1\$a042288029$b(NO-TrBIB)
=014  1\$a042288029$b(NO-TrBIB)
=015  \\$a0414995$2nbf
=020  \\$a8202243211$qh.$cNkr 249.00
=035  \\$a(EXLNZ-47BIBSYS_NETWORK)990422880294702201
=035  \\$a(NO-TrBIB)042288029
=035  \\$a(NO-TrBIB)142694878
=035  \\$a042288029-47bibsys_network
=035  \\$a04ga19035-47bibsys_nb
=035  \\$a04sa17522-47bibsys_nb
=040  \\$aNO-OsNB$bnob$ekatreg
=042  \\$anorbibl
=044  \\$cno
=082  04$a839.82$223
=082  74$a839.823$qNO-OsNB$25/nor
=084  \\$aS 4b$2oosk
=100  1\$aFossum, Karin$d1954-$0(NO-TrBIB)90608300
=245  10$aNoveller i utvalg$cKarin Fossum
=260  \\$a[Oslo]$bCappelen$c2004
=300  \\$a151 s.
=500  \\$aHentet fra samlingene I et annet lys og Søylen, henholdsvis 1992 og 1994
=533  \\$aElektronisk reproduksjon$b[Norge]$cNasjonalbiblioteket Digital$d2014-05-19
=852  8\$b0030100$cg00005$hNA/A 2004:6506
=852  8\$b0183334$cg00001$hb
=856  40$3$yNB Digital$uhttp://urn.nb.no/URN:NBN:no-nb_digibok_2014051908141$z
=856  41$3Fulltekst$uhttps://urn.nb.no/URN:NBN:no-nb_digibok_2014051908141$yNettbiblioteket$zDigital representasjon
=856  42$3Forlagets beskrivelse (kort)$uhttps://contents.bibs.aws.unit.no/?isbn=8202243211
=856  42$3Forlagets beskrivelse (lang)$uhttps://contents.bibs.aws.unit.no/?isbn=8202243211
=856  42$3Miniatyrbilde$uhttps://contents.bibs.aws.unit.no/files/images/small/0/1/9788202243210.jpg$qimage/jpeg
=856  42$3Omslagsbilde$uhttps://contents.bibs.aws.unit.no/files/images/large/0/1/9788202243210.jpg$qimage/jpeg
=856  42$3Originalt bilde$uhttps://contents.bibs.aws.unit.no/files/images/original/0/1/9788202243210.jpg$qimage/jpeg
=859  \\$a0030100$bg00005$cNA/A 2004:6506$f0$h0$x2015-10-31
=859  \\$a0183334$bg00001$cb$f0$h0$x2015-10-31
=876  \\$a04ga19035$d20041207$jkat$p04ga19035$r04ga19035$wBOOK$z(h.) (Til bruk på NB Oslos lesesal)
=876  \\$a04sa17522$d20041123$jkat$p04sa17522$r04sa17522$wBOOK
=901  \\$a90
=913  \\$aNorbok$bNB

