=LDR  01191cam a2200373 c 4500
=001  990423211074702202
=005  20160622112141.0
=007  ta
=008  110826s2004\\\\xx#|||||||||||000|1|ger|\
=014  1\$a042321107$b(NO-TrBIB)
=015  \\$a0407698$2nbf
=020  \\$a3492270840$qh.
=035  \\$a(EXLNZ-47BIBSYS_NETWORK)990423211074702201
=035  \\$a(NO-TrBIB)042321107
=035  \\$a042321107-47bibsys_network
=035  \\$a04ga18435-47bibsys_nb
=040  \\$aNO-OsNB$bnob$ekatreg
=041  1\$hnob
=042  \\$anorbibl
=044  \\$cde
=082  74$a839.823$qNO-OsNB$25/nor
=100  1\$aFossum, Karin$d1954-$0(NO-TrBIB)90608300
=245  10$aAlso, von mir aus :$bRoman$cKarin Fossum ; aus dem Norwegischen von Gabriele Haefs
=246  1\$aJonas Eckel$iOriginaltittel
=260  \\$aMünchen$bPiper$ccop. 2004
=300  \\$a220 s.
=700  1\$aHaefs, Gabriele$4trl
=852  8\$b0030100$cg00005$hNA/A 2007:926
=859  \\$a0030100$bg00005$cNA/A 2007:926$f0$h0$x2015-10-31
=876  \\$a04ga18435$d20041209$jkat$p04ga18435$r04ga18435$wBOOK$xKIP$z(h.) (Til bruk på NB Oslos lesesal)
=901  \\$a90
=913  \\$aNorbok$bNB
=960  \\$an$9LOCAL
=997  \\$an$9LOCAL

