=LDR  01578cam a2200433 c 4500
=001  990423211664702202
=005  20221021072207.0
=007  ta
=008  110826s2003\\\\xx#|||||||||||000|1|eng|\
=014  1\$a042321166$b(NO-TrBIB)
=015  \\$a0510536$2nbf
=020  \\$a0151010919$qib.
=035  \\$a(EXLNZ-47BIBSYS_NETWORK)990423211664702201
=035  \\$a(NO-TrBIB)042321166
=035  \\$a042321166-47bibsys_network
=035  \\$a04ga18437-47bibsys_nb
=040  \\$aNO-OsNB$bnob$ekatreg
=041  1\$hnob
=042  \\$anorbibl
=044  \\$cus
=082  74$a839.823$qNO-OsNB$25/nor
=100  1\$aFossum, Karin$d1954-$0(NO-TrBIB)90608300
=245  10$aHe who fears the wolf$cKarin Fossum ; translated from the Norwegian by Felicity David
=246  1\$aDen som frykter ulven$iOriginaltittel
=260  \\$aOrlando, Fla.$bHarcourt$ccop. 2003
=300  \\$a271 s.
=490  1\$a[An Inspector Sejer mystery]
=500  \\$aSerietittel fra løst omslag
=700  1\$aDavid, Felicity$4trl
=800  1\$aFossum, Karin$tAn Inspector Sejer mystery
=852  8\$b0030100$cg00005$hNA/A 2005:3275
=856  42$3Forlagets beskrivelse (kort)$uhttps://contents.bibs.aws.unit.no/?isbn=0151010919
=856  42$3Omslagsbilde$uhttps://contents.bibs.aws.unit.no/files/images/large/2/1/9780151010912.jpg$qimage/jpeg
=859  \\$a0030100$bg00005$cNA/A 2005:3275$f0$h0$x2015-10-31
=876  \\$a04ga18437$d20050824$jkat$p04ga18437$r04ga18437$wBOOK$xKiP$z(ib.) (Til bruk på NB Oslos lesesal)
=901  \\$a90
=913  \\$aNorbok$bNB
=960  \\$an$9LOCAL
=997  \\$an$9LOCAL

