=LDR  01494cam a2200445 c 4500
=001  990424332584702202
=005  20230531151732.0
=007  ta
=008  130423s2005\\\\xx#|||||||||||000|f|ger|\
=014  1\$a042433258$b(NO-TrBIB)
=015  \\$a0510272$2nbf
=020  \\$a3492243223$qh.
=035  \\$a(EXLNZ-47BIBSYS_NETWORK)990424332584702201
=035  \\$a(NO-TrBIB)042433258
=035  \\$a042433258-47bibsys_network
=035  \\$a04ga19593-47bibsys_nb
=040  \\$aNO-OsNB$bnob$ekatreg
=041  1\$hnob
=042  \\$anorbibl
=044  \\$cde
=082  74$a839.823$qNO-OsNB$25/nor
=100  1\$aFossum, Karin$d1954-$0(NO-TrBIB)90608300
=245  10$aEvas Auge ; Fremde Blicke :$bzwei Bestseller in einem Band$cKarin Fossum ; aus dem Norwegischen von Gabriele Haefs
=246  1\$aEvas øye$iOriginaltittel
=246  1\$aSe deg ikke tilbake$iOriginaltittel
=260  \\$aMünchen$bPiper$c2005
=300  \\$a347 s.
=490  1\$aSerie Piper$v4322
=655  \7$aRomaner$0(uri)https://id.nb.no/vocabulary/ntsf/258$2ntsf
=700  1\$aHaefs, Gabriele$d1953-$4trl$0(NO-TrBIB)90353340
=740  0\$aEvas Auge
=740  0\$aFremde Blicke
=830  \0$aSerie Piper$v4322
=852  8\$b0030100$cg00005$hNA/A 2005:3151
=859  \\$a0030100$bg00005$cNA/A 2005:3151$f0$h0$x2015-10-31
=876  \\$a04ga19593$d20050817$jkat$p04ga19593$r04ga19593$wBOOK$xKiP$z(h.) (Til bruk på NB Oslos lesesal)
=901  \\$a90
=913  \\$aNorbok$bNB
=960  \\$an$9LOCAL
=997  \\$an$9LOCAL

