=LDR  01295cam a2200409 c 4500
=001  990500693144702202
=005  20160622112151.0
=007  ta
=008  130424s2004\\\\xx#|||||||||||000|1|fin|\
=014  1\$a050069314$b(NO-TrBIB)
=015  \\$a0505377$2nbf
=020  \\$a9524713845$qib.
=035  \\$a(EXLNZ-47BIBSYS_NETWORK)990500693144702201
=035  \\$a(NO-TrBIB)050069314
=035  \\$a050069314-47bibsys_network
=035  \\$a05ga00538-47bibsys_nb
=040  \\$aNO-OsNB$bnob$ekatreg
=041  1\$hnob
=042  \\$anorbibl
=044  \\$cfi
=082  74$a839.823$qNO-OsNB$25/nor
=100  1\$aFossum, Karin$d1954-$0(NO-TrBIB)90608300
=245  10$aMustat sekunnit$cKarin Fossum ; suomennos Arvi Tamminen
=246  1\$aSvarte sekunder$iOriginaltittel
=260  \\$aHelsinki$bLike$c2004
=300  \\$a276 s.
=490  1\$a[Rikos kannattaa]
=500  \\$aSerietittel fra løst omslag
=700  1\$aTamminen, Arvi$4trl$0(NO-TrBIB)90134266
=830  \0$a[Rikos kannattaa]
=852  8\$b0030100$cg00005$hNA/A 2005:239
=859  \\$a0030100$bg00005$cNA/A 2005:239$f0$h0$x2015-10-31
=876  \\$a05ga00538$d20050114$jkat$p05ga00538$r05ga00538$wBOOK$xHe$z(ib.) (Til bruk på NB Oslos lesesal)
=901  \\$a90
=913  \\$aNorbok$bNB
=960  \\$an$9LOCAL
=997  \\$an$9LOCAL

