=LDR  01149cam a2200361 c 4500
=001  990500998254702202
=005  20160622112146.0
=007  ta
=008  110826s2004\\\\xx#|||||||||||000|1|alb|\
=014  1\$a050099825$b(NO-TrBIB)
=015  \\$a0407040$2nbf
=020  \\$a9992751746$qh.
=035  \\$a(EXLNZ-47BIBSYS_NETWORK)990500998254702201
=035  \\$a(NO-TrBIB)050099825
=035  \\$a050099825-47bibsys_network
=035  \\$a05ga00908-47bibsys_nb
=040  \\$aNO-OsNB$bnob$ekatreg
=042  \\$anorbibl
=044  \\$cal
=082  74$a839.823$qNO-OsNB$25/nor
=100  1\$aFossum, Karin$d1954-$0(NO-TrBIB)90608300
=245  10$aMos u kthe më! :$broman$cKarin Fossum ; përktheu: Nasi Lera
=246  1\$aSe deg ikke tilbake!$iOriginaltittel
=260  \\$aTiranë$bAlbin$c2004
=300  \\$a272 s.
=700  1\$aLera, Nasi$4trl
=852  8\$b0030100$cg00005$hNA/A 2006:4948
=859  \\$a0030100$bg00005$cNA/A 2006:4948$f0$h0$x2015-10-31
=876  \\$a05ga00908$d20050119$jkat$p05ga00908$r05ga00908$wBOOK$xHe$z(h.) (Til bruk på NB Oslos lesesal)
=901  \\$a90
=913  \\$aNorbok$bNB
=960  \\$an$9LOCAL
=997  \\$an$9LOCAL

