=LDR  01374cam a2200397 c 4500
=001  990501008234702202
=005  20230531152126.0
=007  ta
=008  130424s2005\\\\xx#|||||||||||000|f|swe|\
=014  1\$a050100823$b(NO-TrBIB)
=015  \\$a0511192$2nbf
=020  \\$a9137126296$qib.
=035  \\$a(EXLNZ-47BIBSYS_NETWORK)990501008234702201
=035  \\$a(NO-TrBIB)050100823
=035  \\$a050100823-47bibsys_network
=035  \\$a05ga00928-47bibsys_nb
=040  \\$aNO-OsNB$bnob$ekatreg
=041  1\$hnob
=042  \\$anorbibl
=044  \\$cse
=082  74$a839.823$qNO-OsNB$25/nor
=100  1\$aFossum, Karin$d1954-$0(NO-TrBIB)90608300
=245  10$aMordet på Harriet Krohn :$bkriminalroman$cKarin Fossum ; översättning Helena och Ulf Örnkloo
=246  1\$aDrapet på Harriet Krohn$iOriginaltittel
=260  \\$aStockholm$bForum$c2005
=300  \\$a229 s.
=655  \7$aRomaner$0(uri)https://id.nb.no/vocabulary/ntsf/258$2ntsf
=700  1\$aÖrnkloo, Helena$4trl$0(NO-TrBIB)11042884
=700  1\$aÖrnkloo, Ulf$d1934-$4trl$0(NO-TrBIB)90137513
=852  8\$b0030100$cg00005$hNA/A 2005:3782
=859  \\$a0030100$bg00005$cNA/A 2005:3782$f0$h0$x2015-10-31
=876  \\$a05ga00928$d20050307$jkat$p05ga00928$r05ga00928$wBOOK$xKiP$z(ib.) (Til bruk på NB Oslos lesesal)
=901  \\$a90
=913  \\$aNorbok$bNB
=960  \\$an$9LOCAL
=997  \\$an$9LOCAL

