=LDR  01004cam a22003373c 4500
=001  990501339504702202
=005  20160622112150.0
=007  ta
=008  050125s1996\\\\xx#|||||||||||000|1|fre|\
=014  1\$a050133950$b(NO-TrBIB)
=015  \\$a0111009$2nbf
=035  \\$a(EXLNZ-47BIBSYS_NETWORK)990501339504702201
=035  \\$a(NO-TrBIB)050133950
=035  \\$a050133950-47bibsys_network
=035  \\$a05ga01284-47bibsys_nb
=040  \\$aNO-OsNB$bnob$ekatreg
=044  \\$cfr
=082  74$a839.823$qNO-OsNB$24/nor
=100  1\$aFossum, Karin
=245  10$aNe te retourne pas!$cKarin Fossum ; traduit du norvégien par Marie Lunde
=246  1\$aSe deg ikke tilbake!$iOriginaltittel
=260  \\$aParis$bLe Seuil$c1996
=300  \\$a310 s.
=490  1\$aPoints$v1146
=830  \0$aPoints$v1146
=852  8\$b0030100$cg00005
=859  \\$a0030100$bg00005$f0$h3$x2015-10-31
=876  \\$a05ga01284$jutsolgt$p05ga01284$r05ga01284$wBOOK$xHBV
=901  \\$a50
=960  \\$an$9LOCAL
=997  \\$an$9LOCAL

