=LDR  01268cam a2200397 c 4500
=001  990506699584702202
=005  20230531152934.0
=007  ta
=008  110826s2005\\\\xx#|||||||||||000|f|dan|\
=014  1\$a050669958$b(NO-TrBIB)
=015  \\$a0511167$2nbf
=020  \\$a8779553648$qib.
=035  \\$a(EXLNZ-47BIBSYS_NETWORK)990506699584702201
=035  \\$a(NO-TrBIB)050669958
=035  \\$a050669958-47bibsys_network
=035  \\$a05ga05076-47bibsys_nb
=040  \\$aNO-OsNB$bnob$ekatreg
=041  1\$hnob
=042  \\$anorbibl
=044  \\$cdk
=082  74$a839.823$qNO-OsNB$25/nor
=100  1\$aFossum, Karin$d1954-$0(NO-TrBIB)90608300
=245  10$aEvas øje$cKarin Fossum ; oversat af Ida Jessen
=246  1\$aEvas øye$iOriginaltittel
=250  \\$a3 .udg.
=260  \\$aÅrhus$bKlim$c2005
=300  \\$a256 s.
=655  \7$aRomaner$0(uri)https://id.nb.no/vocabulary/ntsf/258$2ntsf
=700  1\$aJessen, Ida$4trl
=852  8\$b0030100$cg00005$hNA/A 2005:3533
=859  \\$a0030100$bg00005$cNA/A 2005:3533$f0$h0$x2015-10-31
=876  \\$a05ga05076$d20050822$jkat$p05ga05076$r05ga05076$wBOOK$xTr.N. Bogmarkedet nr.15 2005$z(ib.) (Til bruk på NB Oslos lesesal)
=901  \\$a90
=913  \\$aNorbok$bNB
=960  \\$an$9LOCAL
=997  \\$an$9LOCAL

