=LDR  01313cam a2200397 c 4500
=001  990506700504702202
=005  20230531152935.0
=007  ta
=008  130424s2005\\\\xx#|||||||||||000|f|dan|\
=014  1\$a050670050$b(NO-TrBIB)
=015  \\$a0510256$2nbf
=020  \\$a8779553656$qib.
=035  \\$a(EXLNZ-47BIBSYS_NETWORK)990506700504702201
=035  \\$a(NO-TrBIB)050670050
=035  \\$a050670050-47bibsys_network
=035  \\$a05ga05077-47bibsys_nb
=040  \\$aNO-OsNB$bnob$ekatreg
=041  1\$hnob
=042  \\$anorbibl
=044  \\$cdk
=082  74$a839.823$qNO-OsNB$25/nor
=100  1\$aFossum, Karin$d1954-$0(NO-TrBIB)90608300
=245  10$aSe dig ikke tilbage$cKarin Fossum ; oversat af Alf Andersen
=246  1\$aSe deg ikke tilbake!$iOriginaltittel
=250  \\$a2. udg.
=260  \\$aÅrhus$bKlim$c2005
=300  \\$a255 s.
=655  \7$aRomaner$0(uri)https://id.nb.no/vocabulary/ntsf/258$2ntsf
=700  1\$aAndersen, Alf$4trl$0(NO-TrBIB)90577604
=852  8\$b0030100$cg00005$hNA/A 2005:3143
=859  \\$a0030100$bg00005$cNA/A 2005:3143$f0$h0$x2015-10-31
=876  \\$a05ga05077$d20050808$jkat$p05ga05077$r05ga05077$wBOOK$xTR.N. Bogmarkedet nr.15 2005$z(ib.) (Til bruk på NB Oslos lesesal)
=901  \\$a90
=913  \\$aNorbok$bNB
=960  \\$an$9LOCAL
=997  \\$an$9LOCAL

