=LDR  01278cam a2200385 c 4500
=001  990507188354702202
=005  20230531153026.0
=007  ta
=008  110826s2005\\\\xx#|||||||||||000|f|fre|\
=014  1\$a050718835$b(NO-TrBIB)
=015  \\$a0505696$2nbf
=020  \\$a2709626004$qh.
=035  \\$a(EXLNZ-47BIBSYS_NETWORK)990507188354702201
=035  \\$a(NO-TrBIB)050718835
=035  \\$a050718835-47bibsys_network
=035  \\$a05ga05579-47bibsys_nb
=040  \\$aNO-OsNB$bnob$ekatreg
=041  1\$hnob
=042  \\$anorbibl
=044  \\$cfr
=082  74$a839.823$qNO-OsNB$25/nor
=100  1\$aFossum, Karin$d1954-$0(NO-TrBIB)90608300
=245  10$aCelui qui a peur du loup :$broman$cKarin Fossum ; traduit du norvégien par Alex Fouillet
=246  1\$aDen som frykter ulven$iOriginaltittel
=260  \\$aParis$bJC Lattès$c2005
=300  \\$a365 s.
=655  \7$aRomaner$0(uri)https://id.nb.no/vocabulary/ntsf/258$2ntsf
=700  1\$aFouillet, Alex$4trl
=852  8\$b0030100$cg00005$hNA/A 2006:5511
=859  \\$a0030100$bg00005$cNA/A 2006:5511$f0$h0$x2015-10-31
=876  \\$a05ga05579$d20050412$jkat$p05ga05579$r05ga05579$wBOOK$xHe$z(h.) (Til bruk på NB Oslos lesesal)
=901  \\$a90
=913  \\$aNorbok$bNB
=960  \\$an$9LOCAL
=997  \\$an$9LOCAL

