=LDR  01290cam a2200385 c 4500
=001  990509906084702202
=005  20230531153533.0
=007  ta
=008  110826s2005\\\\xx#|||||||||||000|f|fin|\
=014  1\$a050990608$b(NO-TrBIB)
=015  \\$a0608032$2nbf
=020  \\$a9510299626$qib.
=035  \\$a(EXLNZ-47BIBSYS_NETWORK)990509906084702201
=035  \\$a(NO-TrBIB)050990608
=035  \\$a050990608-47bibsys_network
=035  \\$a05ga07600-47bibsys_nb
=040  \\$aNO-OsNB$bnob$ekatreg
=041  1\$hnob
=042  \\$anorbibl
=044  \\$cfi
=082  74$a839.823$qNO-OsNB$25/nor
=100  1\$aFossum, Karin$d1954-$0(NO-TrBIB)90608300
=245  10$aMarraskuun neljännen vastainen yö$cKarin Fossum ; suomentanut  Katriina Savolainen
=246  1\$aNatt til fjerde november$iOriginaltittel
=260  \\$aHelsinki$bJohnny Kniga$c2005
=300  \\$a194 s.
=655  \7$aRomaner$0(uri)https://id.nb.no/vocabulary/ntsf/258$2ntsf
=700  1\$aSavolainen, Katriina$4trl
=852  8\$b0030100$cg00005$hNA/A 2006:1697
=859  \\$a0030100$bg00005$cNA/A 2006:1697$f0$h0$x2015-10-31
=876  \\$a05ga07600$d20060314$jkat$p05ga07600$r05ga07600$wBOOK$xKiP$z(ib.) (Til bruk på NB Oslos lesesal)
=901  \\$a90
=913  \\$aNorbok$bNB
=960  \\$an$9LOCAL
=997  \\$an$9LOCAL

