=LDR  02934cam a2200649 c 4500
=001  990510247214702202
=005  20230531153643.0
=007  cr||||||||||||
=007  ta
=008  150115s2005\\\\no\|||||\|||||000|f|nob|\
=014  1\$a051024721$b(NO-TrBIB)
=014  1\$a051024721$b(NO-TrBIB)
=015  \\$a0509017$2nbf
=020  \\$a8202244765$qh.$cNkr 99.00
=020  \\$a9788202244767$qh.
=035  \\$a(EXLNZ-47BIBSYS_NETWORK)990510247214702201
=035  \\$a(NO-TrBIB)051024721
=035  \\$a(NO-TrBIB)113920342
=035  \\$a051024721-47bibsys_network
=035  \\$a05ga08638-47bibsys_nb
=035  \\$a05sa07157-47bibsys_nb
=040  \\$aNO-OsNB$bnob$ekatreg
=042  \\$anorbibl
=044  \\$cno
=082  04$a839.82$223
=082  74$a839.823$qNO-OsNB$25/nor
=100  1\$aFossum, Karin$d1954-$0(NO-TrBIB)90608300$4aut
=245  10$aDrapet på Harriet Krohn :$bkriminalroman$cKarin Fossum
=260  \\$aOslo$bCappelen$c2005
=300  \\$a239 s.
=490  1\$aCap spenningens mestere
=500  \\$a1. utg. 2004
=500  \\$aOpplagshistorikk:  Denne utg., 2.-3. oppl. 2005
=533  \\$aElektronisk reproduksjon$b[Norge]$cNasjonalbiblioteket Digital$d2011-07-25
=655  \7$aRomaner$0(uri)https://id.nb.no/vocabulary/ntsf/258$2ntsf
=767  0\$6880-01$tUbijstvoto na Chariet Krun$w999920901277402201$z9789543574148
=880  0\$6767-01/(N$tУбийството на Хариет Крун$w999920901277402201$z9789543574148
=830  \0$aCap spenningens mestere
=852  8\$b0030100$cg00005$hNA/A 2005:2348
=852  8\$b0183334$cg00001$hc
=856  40$3$yNB Digital$uhttp://urn.nb.no/URN:NBN:no-nb_digibok_2011072508095$z
=856  41$3Fulltekst$uhttps://urn.nb.no/URN:NBN:no-nb_digibok_2011072508095$yNettbiblioteket$zDigital representasjon
=856  42$3Forlagets beskrivelse (kort)$uhttps://contents.bibs.aws.unit.no/?isbn=8202244765
=856  42$3Forlagets beskrivelse (kort)$uhttps://contents.bibs.aws.unit.no/?isbn=9788202244767
=856  42$3Forlagets beskrivelse (lang)$uhttps://contents.bibs.aws.unit.no/?isbn=8202244765
=856  42$3Forlagets beskrivelse (lang)$uhttps://contents.bibs.aws.unit.no/content/?isbn=9788202244767
=856  42$3Miniatyrbilde$uhttps://contents.bibs.aws.unit.no/files/images/small/7/6/9788202244767.jpg$qimage/jpeg
=856  42$3Omslagsbilde$uhttps://contents.bibs.aws.unit.no/files/images/large/7/6/9788202244767.jpg$qimage/jpeg
=856  42$3Originalt bilde$uhttps://contents.bibs.aws.unit.no/files/images/original/7/6/9788202244767.jpg$qimage/jpeg
=859  \\$a0030100$bg00005$cNA/A 2005:2348$f0$h0$x2015-10-31
=859  \\$a0183334$bg00001$cc$f0$h0$x2015-10-31
=876  \\$a05ga08638$d20050609$jkat$p05ga08638$r05ga08638$wBOOK$z(h.) (Til bruk på NB Oslos lesesal)
=876  \\$a05sa07157$d20050527$jkat$p05sa07157$r05sa07157$wBOOK
=901  \\$a90
=913  \\$aKulturfond$bNB
=913  \\$aNorbok$bNB
=913  \\$aNORLA$bNB

