=LDR  02781cam a2200625 c 4500
=001  990511510904702202
=005  20230531153938.0
=007  cr||||||||||||
=007  ta
=008  150115s2005\\\\no#|||||\|||||000|f|nob|\
=014  1\$a05115109x$b(NO-TrBIB)
=014  1\$a05115109x$b(NO-TrBIB)
=015  \\$a0509936$2nbf
=020  \\$a8202244862$qib.$cNkr 149.00
=020  \\$a9788202244866$qib.
=035  \\$a(EXLNZ-47BIBSYS_NETWORK)990511510904702201
=035  \\$a(NO-TrBIB)05115109x
=035  \\$a(NO-TrBIB)113920490
=035  \\$a05115109x-47bibsys_network
=035  \\$a05ga10723-47bibsys_nb
=035  \\$a05sa08246-47bibsys_nb
=040  \\$aNO-OsNB$bnob$ekatreg
=042  \\$anorbibl
=044  \\$cno
=082  04$a839.82$223
=082  74$a839.823$qNO-OsNB$25/nor
=084  \\$aS 4b$2oosk
=100  1\$aFossum, Karin$d1954-$0(NO-TrBIB)90608300
=245  10$aDrapet på Harriet Krohn :$bkriminalroman$cKarin Fossum
=260  \\$aOslo$bCappelen$c2005
=300  \\$a239 s.
=490  1\$aCappelens storbøker
=500  \\$a1. utg. 2004
=533  \\$aElektronisk reproduksjon$b[Norge]$cNasjonalbiblioteket Digital$d2011-07-26
=655  \7$aRomaner$0(uri)https://id.nb.no/vocabulary/ntsf/258$2ntsf
=830  \0$aCappelens storbøker
=852  8\$b0030100$cg00005$hNA/A 2005:2763
=852  8\$b0183334$cg00001$hb
=856  40$3$yNB Digital$uhttp://urn.nb.no/URN:NBN:no-nb_digibok_2011072608016$z
=856  41$3Fulltekst$uhttps://urn.nb.no/URN:NBN:no-nb_digibok_2011072608016$yNettbiblioteket$zDigital representasjon
=856  42$3Forlagets beskrivelse (kort)$uhttps://contents.bibs.aws.unit.no/?isbn=8202244862
=856  42$3Forlagets beskrivelse (kort)$uhttps://contents.bibs.aws.unit.no/?isbn=9788202244866
=856  42$3Forlagets beskrivelse (lang)$uhttps://contents.bibs.aws.unit.no/?isbn=8202244862
=856  42$3Forlagets beskrivelse (lang)$uhttps://contents.bibs.aws.unit.no/content/?isbn=9788202244866
=856  42$3Omslagsbilde$uhttps://contents.bibs.aws.unit.no/files/images/large/6/6/9788202244866.jpg$qimage/jpeg
=856  42$3Omslagsbilde$uhttps://contents.bibs.aws.unit.no/files/images/small/2/6/8202244862.jpg$qimage/jpeg
=856  42$3Omslagsbilde$uhttps://contents.bibs.aws.unit.no/files/images/small/6/6/9788202244866.jpg$qimage/jpeg
=856  42$3Originalt bilde$uhttps://contents.bibs.aws.unit.no/files/images/original/6/6/9788202244866.jpg$qimage/jpeg
=859  \\$a0030100$bg00005$cNA/A 2005:2763$f0$h0$x2015-10-31
=859  \\$a0183334$bg00001$cb$f0$h0$x2015-10-31
=876  \\$a05ga10723$d20050803$jkat$p05ga10723$r05ga10723$wBOOK$z(ib.) (Til bruk på NB Oslos lesesal)
=876  \\$a05sa08246$d20050621$jkat$p05sa08246$r05sa08246$wBOOK
=901  \\$a90
=913  \\$aKulturfond$bNB
=913  \\$aNorbok$bNB

