=LDR  01326cam a2200385 c 4500
=001  990513884804702202
=005  20230531154208.0
=007  ta
=008  130424s2005\\\\xx#|||||||||||000|f|dan|\
=014  1\$a051388480$b(NO-TrBIB)
=015  \\$a0510229$2nbf
=020  \\$a8702035707$qh.
=035  \\$a(EXLNZ-47BIBSYS_NETWORK)990513884804702201
=035  \\$a(NO-TrBIB)051388480
=035  \\$a051388480-47bibsys_network
=035  \\$a05ga10363-47bibsys_nb
=040  \\$aNO-OsNB$bnob$ekatreg
=041  1\$hnob
=042  \\$anorbibl
=044  \\$cdk
=082  74$a839.823$qNO-OsNB$25/nor
=100  1\$aFossum, Karin$d1954-$0(NO-TrBIB)90608300
=245  10$aDrabet på Harriet Krohn :$broman$cKarin Fossum ; på dansk ved Ida Jessen
=246  1\$aDrapet på Harriet Krohn$iOriginaltittel
=260  \\$a[København]$bGyldendal$c2005
=300  \\$a206 s.
=655  \7$aRomaner$0(uri)https://id.nb.no/vocabulary/ntsf/258$2ntsf
=700  1\$aJessen, Ida$d1964-$4trl$0(NO-TrBIB)90791641
=852  8\$b0030100$cg00005$hNA/A 2005:3098
=859  \\$a0030100$bg00005$cNA/A 2005:3098$f0$h0$x2015-10-31
=876  \\$a05ga10363$d20050817$jkat$p05ga10363$r05ga10363$wBOOK$xTR.N. Dansk Bogmarked ne.25 2005$z(h.) (Til bruk på NB Oslos lesesal)
=901  \\$a90
=913  \\$aNorbok$bNB
=960  \\$an$9LOCAL
=997  \\$an$9LOCAL

