=LDR  01339cam a2200397 c 4500
=001  990514434304702202
=005  20230531154255.0
=007  ta
=008  130423s2005\\\\xx#|||||||||||000|f|dut|\
=014  1\$a051443430$b(NO-TrBIB)
=015  \\$a0510228$2nbf
=020  \\$a9085490154$qh.
=035  \\$a(EXLNZ-47BIBSYS_NETWORK)990514434304702201
=035  \\$a(NO-TrBIB)051443430
=035  \\$a051443430-47bibsys_network
=035  \\$a05ga11404-47bibsys_nb
=040  \\$aNO-OsNB$bnob$ekatreg
=041  1\$hnob
=042  \\$anorbibl
=044  \\$cbe
=082  74$a839.823$qNO-OsNB$25/nor
=100  1\$aFossum, Karin$d1954-$0(NO-TrBIB)90608300
=245  10$aDe moord op Harriet Krohn$cKarin Fossum ; vertaald door Annemarie Smit
=246  1\$aDrapet på Harriet Krohn$iOriginaltittel
=260  \\$aAntwerpen$aAmsterdam$bManteau$bAnthos$c2005
=300  \\$a264 s.
=500  \\$a"Literaire thriller"
=655  \7$aRomaner$0(uri)https://id.nb.no/vocabulary/ntsf/258$2ntsf
=700  1\$aSmit, Annemarie$4trl$0(NO-TrBIB)7077491
=852  8\$b0030100$cg00005$hNA/A 2005:3097
=859  \\$a0030100$bg00005$cNA/A 2005:3097$f0$h0$x2015-10-31
=876  \\$a05ga11404$d20050816$jkat$p05ga11404$r05ga11404$wBOOK$xHe$z(h.) (Til bruk på NB Oslos lesesal)
=901  \\$a90
=913  \\$aNorbok$bNB
=960  \\$an$9LOCAL
=997  \\$an$9LOCAL

