=LDR  02047cam a2200481 c 4500
=001  990515004264702202
=005  20230531154344.0
=007  ta
=008  110826s2005\\\\xx#|||||||||||000|f|eng|\
=014  1\$a051500426$b(NO-TrBIB)
=015  \\$a0511643$2nbf
=020  \\$a1843432137$qh.
=035  \\$a(EXLNZ-47BIBSYS_NETWORK)990515004264702201
=035  \\$a(NO-TrBIB)051500426
=035  \\$a051500426-47bibsys_network
=035  \\$a05ga12065-47bibsys_nb
=040  \\$aNO-OsNB$bnob$ekatreg
=041  1\$hnob
=042  \\$anorbibl
=044  \\$cgb
=082  74$a839.823$qNO-OsNB$25/nor
=100  1\$aFossum, Karin$d1954-$0(NO-TrBIB)90608300
=245  10$aCalling out for you!$cKarin Fossum ; translated from the Norwegian by  Charlotte Barslund
=246  1\$aElskede Poona$iOriginaltittel
=260  \\$aLondon$bHarvill$c2005
=300  \\$a264 s.
=490  1\$aAn Inspector Sejer mystery
=655  \7$aRomaner$0(uri)https://id.nb.no/vocabulary/ntsf/258$2ntsf
=700  1\$aBarslund, Charlotte$4trl
=800  1\$aFossum, Karin$tAn Inspector Sejer mystery
=852  8\$b0030100$cg00005$hNA/A 2005:3997
=856  42$3Forlagets beskrivelse (lang)$uhttps://contents.bibs.aws.unit.no/?isbn=1843432137
=856  42$3Forlagets beskrivelse (lang)$uhttps://contents.bibs.aws.unit.no/content/?isbn=9781843432135
=856  42$3Omslagsbilde$uhttps://contents.bibs.aws.unit.no/files/images/large/7/3/1843432137.jpg$qimage/jpeg
=856  42$3Omslagsbilde$uhttps://contents.bibs.aws.unit.no/files/images/small/5/3/9781843432135.jpg$qimage/jpeg
=856  42$3Omslagsbilde$uhttps://contents.bibs.aws.unit.no/files/images/small/7/3/1843432137.jpg$qimage/jpeg
=856  42$3Originalt bilde$uhttps://contents.bibs.aws.unit.no/files/images/original/5/3/9781843432135.jpg$qimage/jpeg
=859  \\$a0030100$bg00005$cNA/A 2005:3997$f0$h0$x2015-10-31
=876  \\$a05ga12065$d20050915$jkat$p05ga12065$r05ga12065$wBOOK$xHe$z(h.) (Til bruk på NB Oslos lesesal)
=901  \\$a90
=913  \\$aNorbok$bNB
=960  \\$an$9LOCAL
=997  \\$an$9LOCAL

