=LDR  02161cam a2200481 c 4500
=001  990516463904702202
=005  20230531154556.0
=007  ta
=008  131003s2005\\\\xx#|||||||||||000|f|eng|\
=014  1\$a051646390$b(NO-TrBIB)
=015  \\$a0511648$2nbf
=020  \\$a0099461129$qh.
=035  \\$a(EXLNZ-47BIBSYS_NETWORK)990516463904702201
=035  \\$a(NO-TrBIB)051646390
=035  \\$a051646390-47bibsys_network
=035  \\$a05ga13311-47bibsys_nb
=040  \\$aNO-OsNB$bnob$ekatreg
=041  1\$hnob
=042  \\$anorbibl
=044  \\$cgb
=082  74$a839.823$qNO-OsNB$25/nor
=100  1\$aFossum, Karin$d1954-$0(NO-TrBIB)90608300
=245  10$aWhen the devil holds the candle$cKarin Fossum ; translated from the Norwegian by Felicity David
=246  1\$aDjevelen holder lyset$iOriginaltittel
=260  \\$aLondon$bVintage$c2005
=300  \\$a360 s.
=655  \7$aRomaner$0(uri)https://id.nb.no/vocabulary/ntsf/258$2ntsf
=700  1\$aDavid, Felicity$4trl
=852  8\$b0030100$cg00005$hNA/A 2005:3998
=856  42$3Forlagets beskrivelse (kort)$uhttps://contents.bibs.aws.unit.no/?isbn=0099461129
=856  42$3Forlagets beskrivelse (kort)$uhttps://contents.bibs.aws.unit.no/content/?isbn=9780099461128
=856  42$3Forlagets beskrivelse (lang)$uhttps://contents.bibs.aws.unit.no/?isbn=0099461129
=856  42$3Forlagets beskrivelse (lang)$uhttps://contents.bibs.aws.unit.no/content/?isbn=9780099461128
=856  42$3Omslagsbilde$uhttps://contents.bibs.aws.unit.no/files/images/large/9/2/0099461129.jpg$qimage/jpeg
=856  42$3Omslagsbilde$uhttps://contents.bibs.aws.unit.no/files/images/small/8/2/9780099461128.jpg$qimage/jpeg
=856  42$3Omslagsbilde$uhttps://contents.bibs.aws.unit.no/files/images/small/9/2/0099461129.jpg$qimage/jpeg
=856  42$3Originalt bilde$uhttps://contents.bibs.aws.unit.no/files/images/original/8/2/9780099461128.jpg$qimage/jpeg
=859  \\$a0030100$bg00005$cNA/A 2005:3998$f0$h0$x2015-10-31
=876  \\$a05ga13311$d20050915$jkat$p05ga13311$r05ga13311$wBOOK$xHe$z(h.) (Til bruk på NB Oslos lesesal)
=901  \\$a90
=913  \\$aNorbok$bNB
=960  \\$an$9LOCAL
=997  \\$an$9LOCAL

