=LDR  01364cam a2200409 c 4500
=001  990518834064702202
=005  20230531155011.0
=007  ta
=008  110826s2005\\\\xx#|||||||||||000|f|swe|\
=014  1\$a051883406$b(NO-TrBIB)
=015  \\$a0606210$2nbf
=020  \\$a9170013039$qh.
=035  \\$a(EXLNZ-47BIBSYS_NETWORK)990518834064702201
=035  \\$a(NO-TrBIB)051883406
=035  \\$a051883406-47bibsys_network
=035  \\$a05ga15709-47bibsys_nb
=040  \\$aNO-OsNB$bnob$ekatreg
=041  1\$hnob
=042  \\$anorbibl
=044  \\$cse
=082  74$a839.823$qNO-OsNB$25/nor
=100  1\$aFossum, Karin$d1954-$0(NO-TrBIB)90608300
=245  10$aNatt till den fjärde november$cKarin Fossum ; översättning av Helena  och Ulf Örnkloo
=246  1\$aNatt til fjerde november$iOriginaltittel
=260  \\$a[Stockholm]$bMånpocket$c2005
=300  \\$a175 s.
=655  \7$aRomaner$0(uri)https://id.nb.no/vocabulary/ntsf/258$2ntsf
=700  1\$aÖrnkloo, Helena$4trl
=700  1\$aÖrnkloo, Ulf$4trl
=740  0\$aNatt till den 4. november
=852  8\$b0030100$cg00005$hNA/A 2006:597
=859  \\$a0030100$bg00005$cNA/A 2006:597$f0$h0$x2015-10-31
=876  \\$a05ga15709$d20060118$jkat$p05ga15709$r05ga15709$wBOOK$xHe$z(h.) (Til bruk på NB Oslos lesesal)
=901  \\$a90
=913  \\$aNorbok$bNB
=960  \\$an$9LOCAL
=997  \\$an$9LOCAL

