=LDR  01347cam a2200421 c 4500
=001  990519433524702202
=005  20230531155141.0
=007  ta
=008  110826s2005\\\\xx#|||||||||||000|f|fin|\
=014  1\$a051943352$b(NO-TrBIB)
=015  \\$a0513183$2nbf
=020  \\$a9524711273$qib.
=035  \\$a(EXLNZ-47BIBSYS_NETWORK)990519433524702201
=035  \\$a(NO-TrBIB)051943352
=035  \\$a051943352-47bibsys_network
=035  \\$a05ga16472-47bibsys_nb
=040  \\$aNO-OsNB$bnob$ekatreg
=041  1\$hnob
=042  \\$anorbibl
=044  \\$cfi
=082  74$a839.823$qNO-OsNB$25/nor
=100  1\$aFossum, Karin$d1954-$0(NO-TrBIB)90608300
=245  10$aHullujenhuone$cKarin Fossum ; suomentanut Arvi Tamminen
=246  1\$aDe gales hus$iOriginaltittel
=260  \\$aHelsinki$bLike$c2005
=300  \\$a394 s.
=490  1\$a[Rikos kannattaa]
=500  \\$aSerietittel fra løst omslag
=655  \7$aRomaner$0(uri)https://id.nb.no/vocabulary/ntsf/258$2ntsf
=700  1\$aTamminen, Arvi$4trl
=830  \0$a[Rikos kannattaa]
=852  8\$b0030100$cg00005$hNA/A 2005:5066
=859  \\$a0030100$bg00005$cNA/A 2005:5066$f0$h0$x2015-10-31
=876  \\$a05ga16472$d20051028$jkat$p05ga16472$r05ga16472$wBOOK$xHe$z(ib.) (Til bruk på NB Oslos lesesal)
=901  \\$a90
=913  \\$aNorbok$bNB
=960  \\$an$9LOCAL
=997  \\$an$9LOCAL

