=LDR  01422cam a2200433 c 4500
=001  990521678604702202
=005  20230531155403.0
=007  ta
=008  110826s2004\\\\xx#|||||||||||000|f|swe|\
=014  1\$a052167860$b(NO-TrBIB)
=015  \\$a0611454$2nbf
=020  \\$a9036487536$qib.
=035  \\$a(EXLNZ-47BIBSYS_NETWORK)990521678604702201
=035  \\$a(NO-TrBIB)052167860
=035  \\$a052167860-47bibsys_network
=035  \\$a05ga18439-47bibsys_nb
=040  \\$aNO-OsNB$bnob$ekatreg
=041  1\$hnob
=042  \\$anorbibl
=044  \\$cnl
=082  74$a839.823$qNO-OsNB$25/nor
=100  1\$aFossum, Karin$d1954-$0(NO-TrBIB)90608300
=245  10$aJonas Eckel$cKarin Fossum ; [översättning: Helena och Ulf Örnkloo]
=246  1\$aJonas Eckel$iOriginaltittel
=250  \\$aStorstilsutg.
=260  \\$a[Abcoude]$b[Grote letter bibliotheek]$c2004
=300  \\$a224 s.
=490  1\$aStorstilsbiblioteket$v753
=655  \7$aRomaner$0(uri)https://id.nb.no/vocabulary/ntsf/258$2ntsf
=700  1\$aÖrnkloo, Helena$4trl
=700  1\$aÖrnkloo, Ulf$4trl
=830  \0$aStorstilsbiblioteket$v753
=852  8\$b0030100$cg00005$hNA/A 2006:4357
=859  \\$a0030100$bg00005$cNA/A 2006:4357$f0$h0$x2015-10-31
=876  \\$a05ga18439$d20060612$jkat$p05ga18439$r05ga18439$wBOOK$xKiP$z(ib.) (Til bruk på NB Oslos lesesal)
=901  \\$a90
=913  \\$aNorbok$bNB
=960  \\$an$9LOCAL
=997  \\$an$9LOCAL

