=LDR  01321cam a2200409 c 4500
=001  990522214824702202
=005  20230531155505.0
=007  ta
=008  110826s2005\\\\xx#|||||||||||000|f|ita|\
=014  1\$a052221482$b(NO-TrBIB)
=015  \\$a0514686$2nbf
=020  \\$a8876848851$qh.
=035  \\$a(EXLNZ-47BIBSYS_NETWORK)990522214824702201
=035  \\$a(NO-TrBIB)052221482
=035  \\$a052221482-47bibsys_network
=035  \\$a05ga19369-47bibsys_nb
=040  \\$aNO-OsNB$bnob$ekatreg
=041  1\$hnob
=042  \\$anorbibl
=044  \\$cit
=082  74$a839.823$qNO-OsNB$25/nor
=100  1\$aFossum, Karin$d1954-$0(NO-TrBIB)90608300
=245  10$aChi ha paura del lupo?$cKarin Fossum ; traduzione di Pierina M. Marocco
=246  1\$aDen som frykter ulven$iOriginaltittel
=260  \\$a[Milano]$bFrassinelli$c2005
=300  \\$a275 s.
=490  1\$aNarrativa
=655  \7$aRomaner$0(uri)https://id.nb.no/vocabulary/ntsf/258$2ntsf
=700  1\$aMarocco, Pierina M.$4trl
=830  \0$aNarrativa
=852  8\$b0030100$cg00005$hNA/A 2005:6018
=859  \\$a0030100$bg00005$cNA/A 2005:6018$f0$h0$x2015-10-31
=876  \\$a05ga19369$d20051212$jkat$p05ga19369$r05ga19369$wBOOK$xHe$z(h.) (Til bruk på NB Oslos lesesal)
=901  \\$a90
=913  \\$aNorbok$bNB
=960  \\$an$9LOCAL
=997  \\$an$9LOCAL

