=LDR  02505cam a2200553 c 4500
=001  990600211014702202
=005  20230531155625.0
=007  ta
=008  110826s2005\\\\no#|||||||||||000|f|nob|\
=014  1\$a060021101$b(NO-TrBIB)
=014  1\$a060021101$b(NO-TrBIB)
=015  \\$a0605305$2nbf
=020  \\$a8202259126$qh.$cNkr 99.00
=020  \\$a9788202259129$qh.
=035  \\$a(EXLNZ-47BIBSYS_NETWORK)990600211014702201
=035  \\$a(NO-TrBIB)060021101
=035  \\$a060021101-47bibsys_network
=035  \\$a06ga00955-47bibsys_nb
=035  \\$a06sa00164-47bibsys_nb
=040  \\$aNO-OsNB$bnob$ekatreg
=042  \\$anorbibl
=044  \\$cno
=082  74$a839.823$qNO-OsNB$25/nor
=100  1\$aFossum, Karin$d1954-$0(NO-TrBIB)90608300
=245  10$aSvarte sekunder$cKarin Fossum
=260  \\$a[Oslo]$bCappelen$c2005
=300  \\$a270 s.
=490  1\$aEn Konrad Sejer-krim
=500  \\$a1. utg. 2002
=533  \\$aElektronisk reproduksjon$b[Norge]$cNasjonalbiblioteket Digital$d2016-11-08
=655  \7$aRomaner$0(uri)https://id.nb.no/vocabulary/ntsf/258$2ntsf
=800  1\$aFossum, Karin$tEn Konrad Sejer-krim
=852  8\$b0030100$cg00005$hNA/A 2006:331
=852  8\$b0183334$cg00001$hc
=856  40$3$yNB Digital$uhttp://urn.nb.no/URN:NBN:no-nb_digibok_2016110808019$z
=856  41$3Fulltekst$uhttps://urn.nb.no/URN:NBN:no-nb_digibok_2016110808019$yNettbiblioteket$zDigital representasjon
=856  42$3Forlagets beskrivelse (kort)$uhttps://contents.bibs.aws.unit.no/?isbn=8202259126
=856  42$3Forlagets beskrivelse (kort)$uhttps://contents.bibs.aws.unit.no/?isbn=9788202259129
=856  42$3Forlagets beskrivelse (lang)$uhttps://contents.bibs.aws.unit.no/?isbn=8202259126
=856  42$3Forlagets beskrivelse (lang)$uhttps://contents.bibs.aws.unit.no/content/?isbn=9788202259129
=856  42$3Miniatyrbilde$uhttps://contents.bibs.aws.unit.no/files/images/small/9/2/9788202259129.jpg$qimage/jpeg
=856  42$3Omslagsbilde$uhttps://contents.bibs.aws.unit.no/files/images/large/9/2/9788202259129.jpg$qimage/jpeg
=856  42$3Originalt bilde$uhttps://contents.bibs.aws.unit.no/files/images/original/9/2/9788202259129.jpg$qimage/jpeg
=859  \\$a0030100$bg00005$cNA/A 2006:331$f0$h0$x2015-10-31
=859  \\$a0183334$bg00001$cc$f0$h0$x2015-10-31
=876  \\$a06ga00955$d20060117$jkat$p06ga00955$r06ga00955$wBOOK$z(h.) (Til bruk på NB Oslos lesesal)
=876  \\$a06sa00164$d20060104$jkat$p06sa00164$r06sa00164$wBOOK
=901  \\$a90
=913  \\$aNorbok$bNB

