=LDR  01773cam a2200505 c 4500
=001  990600274104702202
=005  20230531155631.0
=007  ta
=008  110826r20022006xx#|||||||||||000|f|pol|\
=014  1\$a06002741x$b(NO-TrBIB)
=014  1\$a06002741x$b(NO-TrBIB)
=015  \\$a0606958$2nbf
=020  \\$a8371326009$qh.
=020  \\$a9788371328251$qh.
=035  \\$a(EXLNZ-47BIBSYS_NETWORK)990600274104702201
=035  \\$a(NO-TrBIB)06002741x
=035  \\$a06002741x-47bibsys_network
=035  \\$a06ga00224-47bibsys_nb
=035  \\$a06ga08559-47bibsys_nb
=040  \\$aNO-OsNB$bnob$ekatreg
=041  1\$hnob
=042  \\$anorbibl
=044  \\$cpl
=082  74$a839.823$qNO-OsNB$25/nor
=100  1\$aFossum, Karin$d1954-$0(NO-TrBIB)90608300
=245  10$aOko Ewy$cKarin Fossum ; przełożyła z norweskiego Maria Gołe̢biewska-Bijak
=246  1\$aEvas øye$iOriginaltittel
=250  \\$aWyd. 2
=260  \\$aKatowice$bKsia̢gżnica$c2002
=300  \\$a261 s.
=490  1\$aKsia̢żnica
=534  \\$aOpptrykk 2006 også med 13-sifret ISBN
=655  \7$aRomaner$0(uri)https://id.nb.no/vocabulary/ntsf/258$2ntsf
=700  1\$aGołe̢biewska-Bijak, Maria$4trl
=830  \0$aKsia̢żnica
=852  8\$b0030100$cg00005$hNA/A 2006:1026
=852  8\$b0030100$cg00005$hNA/A 2007:2570
=859  \\$a0030100$bg00005$cNA/A 2006:1026$f0$h0$x2015-10-31
=859  \\$a0030100$bg00005$cNA/A 2007:2570$f0$h0$x2015-10-31
=876  \\$a06ga00224$d20060104$jkat$p06ga00224$r06ga00224$wBOOK$xGjennomsyn$z(h.) (Til bruk på NB Oslos lesesal)
=876  \\$a06ga08559$d20060505$jkat$p06ga08559$r06ga08559$wBOOK$xHe$z(h.) (Opptrykk 2006) (Til bruk på NB Oslos lesesal)
=901  \\$a90
=913  \\$aNorbok$bNB
=960  \\$an$9LOCAL
=997  \\$an$9LOCAL

