=LDR  02602cam a2200589 c 4500
=001  990601748204702202
=005  20230531155905.0
=007  cr||||||||||||
=007  ta
=008  120816s2006\\\\no#|||||\|||||000|f|nob|\
=014  1\$a06017482x$b(NO-TrBIB)
=014  1\$a06017482x$b(NO-TrBIB)
=015  \\$a0606509$2nbf
=020  \\$a8202259096$qh.$cNkr 99.00
=020  \\$a9788202259099$qh.
=035  \\$a(EXLNZ-47BIBSYS_NETWORK)990601748204702201
=035  \\$a(NO-TrBIB)06017482x
=035  \\$a(NO-TrBIB)113873670
=035  \\$a06017482x-47bibsys_network
=035  \\$a06ga02970-47bibsys_nb
=035  \\$a06sa01443-47bibsys_nb
=040  \\$aNO-OsNB$bnob$ekatreg
=042  \\$anorbibl
=044  \\$cno
=082  04$a839.82$223
=082  74$a839.823$qNO-OsNB$25/nor
=100  1\$aFossum, Karin$d1954-$0(NO-TrBIB)90608300
=245  10$aDrapet på Harriet Krohn$cKarin Fossum
=260  \\$aOslo$bCappelen$c2006
=300  \\$a239 s.
=490  1\$aEn Konrad Sejer-krim
=500  \\$a1. utg. 2004
=533  \\$aElektronisk reproduksjon$b[Norge]$cNasjonalbiblioteket Digital$d2011-07-14
=655  \7$aRomaner$0(uri)https://id.nb.no/vocabulary/ntsf/258$2ntsf
=800  1\$aFossum, Karin$tEn Konrad Sejer-krim
=852  8\$b0030100$cg00005$hNA/A 2006:918
=852  8\$b0183334$cg00001$hc
=856  40$3$yNB Digital$uhttp://urn.nb.no/URN:NBN:no-nb_digibok_2011071408210$z
=856  41$3Fulltekst$uhttps://urn.nb.no/URN:NBN:no-nb_digibok_2011071408210$yNettbiblioteket$zDigital representasjon
=856  42$3Forlagets beskrivelse (kort)$uhttps://contents.bibs.aws.unit.no/?isbn=8202259096
=856  42$3Forlagets beskrivelse (kort)$uhttps://contents.bibs.aws.unit.no/?isbn=9788202259099
=856  42$3Forlagets beskrivelse (lang)$uhttps://contents.bibs.aws.unit.no/?isbn=8202259096
=856  42$3Forlagets beskrivelse (lang)$uhttps://contents.bibs.aws.unit.no/content/?isbn=9788202259099
=856  42$3Miniatyrbilde$uhttps://contents.bibs.aws.unit.no/files/images/small/9/9/9788202259099.jpg$qimage/jpeg
=856  42$3Omslagsbilde$uhttps://contents.bibs.aws.unit.no/files/images/large/9/9/9788202259099.jpg$qimage/jpeg
=856  42$3Originalt bilde$uhttps://contents.bibs.aws.unit.no/files/images/original/9/9/9788202259099.jpg$qimage/jpeg
=859  \\$a0030100$bg00005$cNA/A 2006:918$f0$h0$x2015-10-31
=859  \\$a0183334$bg00001$cc$f0$h0$x2015-10-31
=876  \\$a06ga02970$d20060213$jkat$p06ga02970$r06ga02970$wBOOK$z(h.) (Til bruk på NB Oslos lesesal)
=876  \\$a06sa01443$d20060130$jkat$p06sa01443$r06sa01443$wBOOK
=901  \\$a90
=913  \\$aNorbok$bNB

