=LDR  02609cam a2200577 c 4500
=001  990601748464702202
=005  20230531155906.0
=007  cr||||||||||||
=007  ta
=008  110926s2006\\\\no\|||||\|||||000|f|nob|\
=014  1\$a060174846$b(NO-TrBIB)
=014  1\$a060174846$b(NO-TrBIB)
=015  \\$a0606511$2nbf
=020  \\$a8202259061$qh.$cNkr 99.00
=020  \\$a9788202259068$qh.
=035  \\$a(EXLNZ-47BIBSYS_NETWORK)990601748464702201
=035  \\$a(NO-TrBIB)060174846
=035  \\$a(NO-TrBIB)11392075x
=035  \\$a060174846-47bibsys_network
=035  \\$a06ga02974-47bibsys_nb
=035  \\$a06sa01444-47bibsys_nb
=040  \\$aNO-OsNB$bnob$ekatreg
=042  \\$anorbibl
=044  \\$cno
=082  74$a839.823$qNO-OsNB$25/nor
=100  1\$aFossum, Karin$d1954-$0(NO-TrBIB)90608300
=245  10$aDjevelen holder lyset$cKarin Fossum
=260  \\$a[Oslo]$bCappelen$c2006
=300  \\$a232 s.
=490  1\$aEn Konrad Sejer-krim$v[4]
=500  \\$a1. utg. 1998
=533  \\$aElektronisk reproduksjon$b[Norge]$cNasjonalbiblioteket Digital$d2011-07-26
=655  \7$aRomaner$0(uri)https://id.nb.no/vocabulary/ntsf/258$2ntsf
=800  1\$aFossum, Karin$d1954-$tEn Konrad Sejer-krim$v4$0(NO-TrBIB)90608300
=852  8\$b0030100$cg00005$hNA/A 2006:920
=852  8\$b0183334$cg00001$hc
=856  40$3$yNB Digital$uhttp://urn.nb.no/URN:NBN:no-nb_digibok_2011072608043$z
=856  41$3Fulltekst$uhttps://urn.nb.no/URN:NBN:no-nb_digibok_2011072608043$yNettbiblioteket$zDigital representasjon
=856  42$3Forlagets beskrivelse (kort)$uhttps://contents.bibs.aws.unit.no/?isbn=8202259061
=856  42$3Forlagets beskrivelse (kort)$uhttps://contents.bibs.aws.unit.no/?isbn=9788202259068
=856  42$3Forlagets beskrivelse (lang)$uhttps://contents.bibs.aws.unit.no/?isbn=8202259061
=856  42$3Forlagets beskrivelse (lang)$uhttps://contents.bibs.aws.unit.no/content/?isbn=9788202259068
=856  42$3Miniatyrbilde$uhttps://contents.bibs.aws.unit.no/files/images/small/8/6/9788202259068.jpg$qimage/jpeg
=856  42$3Omslagsbilde$uhttps://contents.bibs.aws.unit.no/files/images/large/8/6/9788202259068.jpg$qimage/jpeg
=856  42$3Originalt bilde$uhttps://contents.bibs.aws.unit.no/files/images/original/8/6/9788202259068.jpg$qimage/jpeg
=859  \\$a0030100$bg00005$cNA/A 2006:920$f0$h0$x2015-10-31
=859  \\$a0183334$bg00001$cc$f0$h0$x2015-10-31
=876  \\$a06ga02974$d20060213$jkat$p06ga02974$r06ga02974$wBOOK$z(h.) (Til bruk på NB Oslos lesesal)
=876  \\$a06sa01444$d20060130$jkat$p06sa01444$r06sa01444$wBOOK
=901  \\$a90
=913  \\$aNorbok$bNB

