=LDR  02593cam a2200589 c 4500
=001  990601748894702202
=005  20230531155906.0
=007  cr||||||||||||
=007  ta
=008  120816s2006\\\\no#|||||\|||||000|f|nob|\
=014  1\$a060174889$b(NO-TrBIB)
=014  1\$a060174889$b(NO-TrBIB)
=015  \\$a0606515$2nbf
=020  \\$a8202259088$qh.$cNkr 99.00
=020  \\$a9788202259082$qh.
=035  \\$a(EXLNZ-47BIBSYS_NETWORK)990601748894702201
=035  \\$a(NO-TrBIB)060174889
=035  \\$a(NO-TrBIB)114288151
=035  \\$a060174889-47bibsys_network
=035  \\$a06ga02972-47bibsys_nb
=035  \\$a06sa01445-47bibsys_nb
=040  \\$aNO-OsNB$bnob$ekatreg
=042  \\$anorbibl
=044  \\$cno
=082  04$a839.82$223
=082  74$a839.823$qNO-OsNB$25/nor
=100  1\$aFossum, Karin$d1954-$0(NO-TrBIB)90608300
=245  10$aElskede Poona$cKarin Fossum
=260  \\$a[Oslo]$bCappelen$c2006
=300  \\$a273 s.
=490  1\$aEn Konrad Sejer-krim
=500  \\$a1. utg. 2000
=533  \\$aElektronisk reproduksjon$b[Norge]$cNasjonalbiblioteket Digital$d2011-09-05
=655  \7$aRomaner$0(uri)https://id.nb.no/vocabulary/ntsf/258$2ntsf
=800  1\$aFossum, Karin$tEn Konrad Sejer-krim
=852  8\$b0030100$cg00005$hNA/A 2006:919
=852  8\$b0183334$cg00001$hc
=856  40$3$yNB Digital$uhttp://urn.nb.no/URN:NBN:no-nb_digibok_2011090508135$z
=856  41$3Fulltekst$uhttps://urn.nb.no/URN:NBN:no-nb_digibok_2011090508135$yNettbiblioteket$zDigital representasjon
=856  42$3Forlagets beskrivelse (kort)$uhttps://contents.bibs.aws.unit.no/?isbn=8202259088
=856  42$3Forlagets beskrivelse (kort)$uhttps://contents.bibs.aws.unit.no/?isbn=9788202259082
=856  42$3Forlagets beskrivelse (lang)$uhttps://contents.bibs.aws.unit.no/?isbn=8202259088
=856  42$3Forlagets beskrivelse (lang)$uhttps://contents.bibs.aws.unit.no/content/?isbn=9788202259082
=856  42$3Miniatyrbilde$uhttps://contents.bibs.aws.unit.no/files/images/small/2/8/9788202259082.jpg$qimage/jpeg
=856  42$3Omslagsbilde$uhttps://contents.bibs.aws.unit.no/files/images/large/2/8/9788202259082.jpg$qimage/jpeg
=856  42$3Originalt bilde$uhttps://contents.bibs.aws.unit.no/files/images/original/2/8/9788202259082.jpg$qimage/jpeg
=859  \\$a0030100$bg00005$cNA/A 2006:919$f0$h0$x2015-10-31
=859  \\$a0183334$bg00001$cc$f0$h0$x2015-10-31
=876  \\$a06ga02972$d20060213$jkat$p06ga02972$r06ga02972$wBOOK$z(h.) (Til bruk på NB Oslos lesesal)
=876  \\$a06sa01445$d20060130$jkat$p06sa01445$r06sa01445$wBOOK
=901  \\$a90
=913  \\$aNorbok$bNB

