=LDR  01299cam a2200397 c 4500
=001  990602474604702202
=005  20230531160015.0
=007  ta
=008  110826s2005\\\\xx#|||||||||||000|f|dan|\
=014  1\$a060247460$b(NO-TrBIB)
=015  \\$a0610429$2nbf
=020  \\$a8779553915$qib.
=035  \\$a(EXLNZ-47BIBSYS_NETWORK)990602474604702201
=035  \\$a(NO-TrBIB)060247460
=035  \\$a060247460-47bibsys_network
=035  \\$a06ga02868-47bibsys_nb
=040  \\$aNO-OsNB$bnob$ekatreg
=041  1\$hnob
=042  \\$anorbibl
=044  \\$cdk
=082  74$a839.823$qNO-OsNB$25/nor
=100  1\$aFossum, Karin$d1954-$0(NO-TrBIB)90608300
=245  10$aDen der frygter ulven$cKarin Fossum ; oversat af Helga Poder
=246  1\$aDen som frykter ulven$iOriginaltittel
=250  \\$a2. udg.
=260  \\$aÅrhus$bKlim$c2005
=300  \\$a256 s.
=655  \7$aRomaner$0(uri)https://id.nb.no/vocabulary/ntsf/258$2ntsf
=700  1\$aPoder, Helga$4trl
=852  8\$b0030100$cg00005$hNA/A 2006:3567
=859  \\$a0030100$bg00005$cNA/A 2006:3567$f0$h0$x2015-10-31
=876  \\$a06ga02868$d20060427$jkat$p06ga02868$r06ga02868$wBOOK$xTr.N. Ugefortegnelsen nr.44, 2005$z(ib.) (Til bruk på NB Oslos lesesal)
=901  \\$a90
=913  \\$aNorbok$bNB
=960  \\$an$9LOCAL
=997  \\$an$9LOCAL

