=LDR  01257cam a2200385 c 4500
=001  990602860914702202
=005  20230531160048.0
=007  ta
=008  110826s2006\\\\xx#|||||||||||000|f|fin|\
=014  1\$a060286091$b(NO-TrBIB)
=015  \\$a0611537$2nbf
=020  \\$a9510305553$qib.
=035  \\$a(EXLNZ-47BIBSYS_NETWORK)990602860914702201
=035  \\$a(NO-TrBIB)060286091
=035  \\$a060286091-47bibsys_network
=035  \\$a06ga03355-47bibsys_nb
=040  \\$aNO-OsNB$bnob$ekatreg
=041  1\$hnob
=042  \\$anorbibl
=044  \\$cfi
=082  74$a839.823$qNO-OsNB$25/nor
=100  1\$aFossum, Karin$d1954-$0(NO-TrBIB)90608300
=245  10$aHarriet Krohnin murha$cKarin Fossum ; suomentanut Tarja Teva
=246  1\$aDrapet på Harriet Krohn$iOriginaltittel
=260  \\$aHelsinki$bJohnny Kniga$c2006
=300  \\$a280 s.
=655  \7$aRomaner$0(uri)https://id.nb.no/vocabulary/ntsf/258$2ntsf
=700  1\$aTeva, Tarja$4trl
=852  8\$b0030100$cg00005$hNA/A 2006:3599
=859  \\$a0030100$bg00005$cNA/A 2006:3599$f0$h0$x2015-10-31
=876  \\$a06ga03355$d20060606$jkat$p06ga03355$r06ga03355$wBOOK$xKiP$z(ib.) (Til bruk på NB Oslos lesesal)
=901  \\$a90
=913  \\$aNorbok$bNB
=960  \\$an$9LOCAL
=997  \\$an$9LOCAL

