=LDR  01250cam a2200373 c 4500
=001  990604179004702202
=005  20230531160211.0
=007  ta
=008  110826s2006\\\\xx#|||||||||||000|f|fre|\
=014  1\$a060417900$b(NO-TrBIB)
=020  \\$a2709626020$qh.
=035  \\$a(EXLNZ-47BIBSYS_NETWORK)990604179004702201
=035  \\$a(NO-TrBIB)060417900
=035  \\$a060417900-47bibsys_network
=035  \\$a06ga04546-47bibsys_nb
=040  \\$aNO-OsNB$bnob$ekatreg
=041  1\$hnob
=042  \\$anorbibl
=044  \\$cfr
=082  74$a839,823$qNO-OsNB$25/nor
=100  1\$aFossum, Karin$d1954-$0(NO-TrBIB)90608300
=245  13$aLe diable tient la chandelle :$broman$cKarin Fossum ; traduit du norvégien par Alex Fouillet
=246  1\$aDjevelen holder lyset$iOriginaltittel
=260  \\$aParis$bLattès$c2006
=300  \\$a354 s.
=655  \7$aRomaner$0(uri)https://id.nb.no/vocabulary/ntsf/258$2ntsf
=700  1\$aFouillet, Alex$4trl
=852  8\$b0030100$cg00005$hNA/A 2006:8117
=859  \\$a0030100$bg00005$cNA/A 2006:8117$f0$h0$x2015-10-31
=876  \\$a06ga04546$d20060307$jkat$p06ga04546$r06ga04546$wBOOK$xHe$z(h.) (Til bruk på NB Oslos lesesal)
=901  \\$a90
=913  \\$aNorbok$bNB
=960  \\$an$9LOCAL
=997  \\$an$9LOCAL

