=LDR  01294cam a2200385 c 4500
=001  990604187104702202
=005  20230531160212.0
=007  ta
=008  110826s2005\\\\xx#|||||||||||000|f|por|\
=014  1\$a060418710$b(NO-TrBIB)
=015  \\$a0505739$2nbf
=020  \\$a972233235X$qh.
=035  \\$a(EXLNZ-47BIBSYS_NETWORK)990604187104702201
=035  \\$a(NO-TrBIB)060418710
=035  \\$a060418710-47bibsys_network
=035  \\$a06ga04563-47bibsys_nb
=040  \\$aNO-OsNB$bnob$ekatreg
=041  1\$hnob
=042  \\$anorbibl
=044  \\$cpt
=082  74$a839.823$qNO-OsNB$25/nor
=100  1\$aFossum, Karin$d1954-$0(NO-TrBIB)90608300
=245  12$aO olhar de um desconhecido$cKarin Fossum ; tradução de Maria Jorge Vilar de Figueiredo
=246  1\$aSe deg ikke tilbake!$iOriginaltittel
=260  \\$aLisboa$bPresença$c2005
=300  \\$a261 s.
=655  \7$aRomaner$0(uri)https://id.nb.no/vocabulary/ntsf/258$2ntsf
=700  1\$aFigueiredo, Maria Jorge Vilar de$4trl
=852  8\$b0030100$cg00005$hNA/A 2006:8118
=859  \\$a0030100$bg00005$cNA/A 2006:8118$f0$h0$x2015-10-31
=876  \\$a06ga04563$d20060307$jkat$p06ga04563$r06ga04563$wBOOK$xHe$z(h.) (Til bruk på NB Oslos lesesal)
=901  \\$a90
=913  \\$aNorbok$bNB
=960  \\$an$9LOCAL
=997  \\$an$9LOCAL

