=LDR  01880cam a2200481 c 4500
=001  990604192024702202
=005  20230308093017.0
=007  ta
=008  130829s2005\\\\xx#|||||||||||000|1|eng|\
=014  1\$a060419202$b(NO-TrBIB)
=020  \\$a0156031361$qh.
=035  \\$a(EXLNZ-47BIBSYS_NETWORK)990604192024702201
=035  \\$a(NO-TrBIB)060419202
=035  \\$a05ga13308-47bibsys_nb
=035  \\$a060419202-47bibsys_network
=040  \\$aNO-OsNB$bnob$ekatreg
=041  1\$hnob
=042  \\$anorbibl
=044  \\$cus
=082  74$a839.823$qNO-OsNB$25/nor
=100  1\$aFossum, Karin$d1954-$0(NO-TrBIB)90608300
=245  10$aDon't look back$cKarin Fossum ; translated from the Norwegian by Felicity David
=246  1\$aSe deg ikke tilbake!$iOriginaltittel
=250  \\$a1st Harvest ed.
=260  \\$aOrlando, Fla.$bHarcourt$c2005
=300  \\$a312 s.
=490  1\$aA Harvest book
=490  1\$aAn Inspector Sejer mystery
=500  \\$aS. [297]-312: første kapittel av Fossums neste roman i denne serien, "He who fears the wolf"
=700  1\$aDavid, Felicity$4trl$0(NO-TrBIB)13045766
=765  0\$aFossum, Karin$tSe deg ikke tilbake! :$w999609024224702201
=800  1\$aFossum, Karin$tAn Inspector Sejer mystery
=830  \2$aA Harvest book
=852  8\$b0030100$cg00005$hNA/A 2006:889
=856  42$3Forlagets beskrivelse (kort)$uhttps://contents.bibs.aws.unit.no/?isbn=0156031361
=856  42$3Forlagets beskrivelse (lang)$uhttps://contents.bibs.aws.unit.no/?isbn=0156031361
=856  42$3Omslagsbilde$uhttps://contents.bibs.aws.unit.no/files/images/large/3/6/9780156031363.jpg$qimage/jpeg
=859  \\$a0030100$bg00005$cNA/A 2006:889$f0$h0$x2015-10-31
=876  \\$a05ga13308$d20050915$jkat$p05ga13308$r05ga13308$wBOOK$xHe$z(h.) (Til bruk på NB Oslos lesesal)
=901  \\$a90
=913  \\$aNorbok$bNB
=960  \\$an$9local
=997  \\$an$9local

