=LDR  01368cam a2200409 c 4500
=001  990604583304702202
=005  20230531160258.0
=007  ta
=008  110826s2005\\\\xx#|||||||||||000|f|rum|\
=014  1\$a06045833x$b(NO-TrBIB)
=015  \\$a0608051$2nbf
=020  \\$a9735768895$qib.
=035  \\$a(EXLNZ-47BIBSYS_NETWORK)990604583304702201
=035  \\$a(NO-TrBIB)06045833x
=035  \\$a06045833x-47bibsys_network
=035  \\$a06ga05061-47bibsys_nb
=040  \\$aNO-OsNB$bnob$ekatreg
=041  1\$hnob
=042  \\$anorbibl
=044  \\$cro
=082  74$a839.823$qNO-OsNB$25/nor
=100  1\$aFossum, Karin$d1954-$0(NO-TrBIB)90608300
=245  10$aNu privi înapoi!$cKarin Fossum ; traducere din limba norvegiană Alina Dominte Antonsen
=246  1\$aSe deg ikke tilbake!$iOriginaltittel
=260  \\$aBucureşti$bRAO$c2005
=300  \\$a284 s.
=490  1\$aBiblioteca dumneavoastră
=655  \7$aRomaner$0(uri)https://id.nb.no/vocabulary/ntsf/258$2ntsf
=700  1\$aAntonsen, Alin Dominte$4trl
=830  \0$aBiblioteca dumneavoastră
=852  8\$b0030100$cg00005$hNA/A 2006:1699
=859  \\$a0030100$bg00005$cNA/A 2006:1699$f0$h0$x2015-10-31
=876  \\$a06ga05061$d20060314$jkat$p06ga05061$r06ga05061$wBOOK$xHe$z(ib.) (Til bruk på NB Oslos lesesal)
=901  \\$a90
=913  \\$aNorbok$bNB
=960  \\$an$9LOCAL
=997  \\$an$9LOCAL

