=LDR  04367cam a2200829 c 4500
=001  990605525224702202
=005  20230531160438.0
=007  cr||||||||||||
=007  ta
=008  150623s2006\\\\no\|||||\|||||000|f|nob|\
=014  1\$a060552522$b(NO-TrBIB)
=014  1\$a060552522$b(NO-TrBIB)
=015  \\$a0610544$2nbf
=020  \\$a8202259835$qib.$cNkr 359.00$qCappelen
=020  \\$a8202261317$qib.$qCappelens bokklubb
=020  \\$a8252563120$qib.$qBokklubben
=020  \\$a9788202259839$qib.$qCappelen
=020  \\$a9788252563122$qib.$qBokklubben
=035  \\$a(EXLNZ-47BIBSYS_NETWORK)990605525224702201
=035  \\$a(NO-TrBIB)060552522
=035  \\$a(NO-TrBIB)113783566
=035  \\$a060552522-47bibsys_network
=035  \\$a06ga09523-47bibsys_nb
=035  \\$a06sa07001-47bibsys_nb
=040  \\$aNO-OsNB$bnob$ekatreg
=042  \\$anorbibl
=044  \\$cno
=080  \\$a82
=080  \\$a839.6
=082  04$a839.82$223
=082  74$a839.823$qNO-OsNB$25/nor
=084  \\$aS 4b$2oosk
=100  1\$aFossum, Karin$d1954-$0(NO-TrBIB)90608300
=245  10$aBrudd$cKarin Fossum
=260  \\$a[Oslo]$bCappelen$c2006
=300  \\$a261 s.
=533  \\$aElektronisk reproduksjon$b[Norge]$cNasjonalbiblioteket Digital$d2011-06-30
=653  \\$askjønnlitteratur$alivshistorier$aidentitet$anorske$aromaner$a2000-tallet
=655  \7$aRomaner$0(uri)https://id.nb.no/vocabulary/ntsf/258$2ntsf
=767  0\$tBrott$w999920204373902201
=852  8\$b0030100$cg00005$hNA/A 2006:3744
=852  8\$b0183334$cg00001$hb
=856  40$3$yNB Digital$uhttp://urn.nb.no/URN:NBN:no-nb_digibok_2011063008198$z
=856  41$3Fulltekst$uhttps://urn.nb.no/URN:NBN:no-nb_digibok_2011063008198$yNettbiblioteket$zDigital representasjon
=856  42$3Forlagets beskrivelse (kort)$uhttps://contents.bibs.aws.unit.no/?isbn=8202259835
=856  42$3Forlagets beskrivelse (kort)$uhttps://contents.bibs.aws.unit.no/?isbn=8202261317
=856  42$3Forlagets beskrivelse (kort)$uhttps://contents.bibs.aws.unit.no/?isbn=8252563120
=856  42$3Forlagets beskrivelse (kort)$uhttps://contents.bibs.aws.unit.no/?isbn=9788202259839
=856  42$3Forlagets beskrivelse (kort)$uhttps://contents.bibs.aws.unit.no/?isbn=9788252563122
=856  42$3Forlagets beskrivelse (lang)$uhttps://contents.bibs.aws.unit.no/?isbn=8202259835
=856  42$3Forlagets beskrivelse (lang)$uhttps://contents.bibs.aws.unit.no/?isbn=8202261317
=856  42$3Forlagets beskrivelse (lang)$uhttps://contents.bibs.aws.unit.no/?isbn=8252563120
=856  42$3Forlagets beskrivelse (lang)$uhttps://contents.bibs.aws.unit.no/?isbn=9788252563122
=856  42$3Forlagets beskrivelse (lang)$uhttps://contents.bibs.aws.unit.no/content/?isbn=9788202259839
=856  42$3Omslagsbilde$uhttps://contents.bibs.aws.unit.no/files/images/large/0/2/8252563120.jpg$qimage/jpeg
=856  42$3Omslagsbilde$uhttps://contents.bibs.aws.unit.no/files/images/large/2/2/9788252563122.jpg$qimage/jpeg
=856  42$3Omslagsbilde$uhttps://contents.bibs.aws.unit.no/files/images/large/5/3/8202259835.jpg$qimage/jpeg
=856  42$3Omslagsbilde$uhttps://contents.bibs.aws.unit.no/files/images/large/7/1/8202261317.jpg$qimage/jpeg
=856  42$3Omslagsbilde$uhttps://contents.bibs.aws.unit.no/files/images/large/9/3/9788202259839.jpg$qimage/jpeg
=856  42$3Omslagsbilde$uhttps://contents.bibs.aws.unit.no/files/images/small/0/2/8252563120.jpg$qimage/jpeg
=856  42$3Omslagsbilde$uhttps://contents.bibs.aws.unit.no/files/images/small/2/2/9788252563122.jpg$qimage/jpeg
=856  42$3Omslagsbilde$uhttps://contents.bibs.aws.unit.no/files/images/small/5/3/8202259835.jpg$qimage/jpeg
=856  42$3Omslagsbilde$uhttps://contents.bibs.aws.unit.no/files/images/small/7/1/8202261317.jpg$qimage/jpeg
=856  42$3Omslagsbilde$uhttps://contents.bibs.aws.unit.no/files/images/small/9/3/9788202259839.jpg$qimage/jpeg
=856  42$3Originalt bilde$uhttps://contents.bibs.aws.unit.no/files/images/original/9/3/9788202259839.jpg$qimage/jpeg
=859  \\$a0030100$bg00005$cNA/A 2006:3744$f0$h0$x2015-10-31
=859  \\$a0183334$bg00001$cb$f0$h0$x2015-10-31
=876  \\$a06ga09523$d20060524$jkat$p06ga09523$r06ga09523$wBOOK$z(ib.) (Til bruk på NB Oslos lesesal)
=876  \\$a06sa07001$d20060512$jkat$p06sa07001$r06sa07001$wBOOK
=901  \\$a90
=913  \\$aNorbok$bNB
=913  \\$aNORLA$bNB

