=LDR  01386cam a2200421 c 4500
=001  990607490084702202
=005  20230531160709.0
=007  ta
=008  110826s2006\\\\xx#|||||||||||000|f|swe|\
=014  1\$a060749008$b(NO-TrBIB)
=015  \\$a0615857$2nbf
=020  \\$a9170013586$qh.
=035  \\$a(EXLNZ-47BIBSYS_NETWORK)990607490084702201
=035  \\$a(NO-TrBIB)060749008
=035  \\$a060749008-47bibsys_network
=035  \\$a06ga08257-47bibsys_nb
=040  \\$aNO-OsNB$bnob$ekatreg
=041  1\$hnob
=042  \\$anorbibl
=044  \\$cse
=082  74$a839.823$qNO-OsNB$25/nor
=100  1\$aFossum, Karin$d1954-$0(NO-TrBIB)90608300
=245  10$aMordet på Harriet Krohn :$bkriminalroman$cKarin Fossum ; översättning av Helena och Ulf Örnkloo
=246  1\$aDrapet på Harriet Krohn$iOriginaltittel
=260  \\$aStockholm$bMånpocket$c2006
=300  \\$a229 s.
=490  1\$aMånpocket
=655  \7$aRomaner$0(uri)https://id.nb.no/vocabulary/ntsf/258$2ntsf
=700  1\$aÖrnkloo, Helena$4trl
=700  1\$aÖrnkloo, Ulf$4trl
=830  \0$aMånpocket
=852  8\$b0030100$cg00005$hNA/A 2006:7305
=859  \\$a0030100$bg00005$cNA/A 2006:7305$f0$h0$x2015-10-31
=876  \\$a06ga08257$d20061011$jkat$p06ga08257$r06ga08257$wBOOK$xHe$z(h.) (Til bruk på NB Oslos lesesal)
=901  \\$a90
=913  \\$aNorbok$bNB
=960  \\$an$9LOCAL
=997  \\$an$9LOCAL

