=LDR  01240cam a2200385 c 4500
=001  990607772654702202
=005  20230531160723.0
=007  ta
=008  110826s2006\\\\xx#|||||||||||000|f|dut|\
=014  1\$a060777265$b(NO-TrBIB)
=015  \\$a0610341$2nbf
=020  \\$a9085490316$qib.
=035  \\$a(EXLNZ-47BIBSYS_NETWORK)990607772654702201
=035  \\$a(NO-TrBIB)060777265
=035  \\$a060777265-47bibsys_network
=035  \\$a06ga08563-47bibsys_nb
=040  \\$aNO-OsNB$bnob$ekatreg
=041  1\$hnob
=042  \\$anorbibl
=044  \\$cbe
=082  74$a839.823$qNO-OsNB$25/nor
=100  1\$aFossum, Karin$d1954-$0(NO-TrBIB)90608300
=245  10$aGestrand$cKarin Fossum ; vertaald door Annemarie Smit
=246  1\$aJonas Eckel$iOriginaltittel
=260  \\$aAntwerpen$bManteau$ccop. 2006
=300  \\$a195 s.
=655  \7$aRomaner$0(uri)https://id.nb.no/vocabulary/ntsf/258$2ntsf
=700  1\$aSmit, Annemari$4trl
=852  8\$b0030100$cg00005$hNA/A 2006:3607
=859  \\$a0030100$bg00005$cNA/A 2006:3607$f0$h0$x2015-10-31
=876  \\$a06ga08563$d20060505$jkat$p06ga08563$r06ga08563$wBOOK$xHe$z(ib.) (Til bruk på NB Oslos lesesal)
=901  \\$a90
=913  \\$aNorbok$bNB
=960  \\$an$9LOCAL
=997  \\$an$9LOCAL

