=LDR  02570cim a2200541 c 4500
=001  990608861704702202
=005  20230220105622.0
=007  sd\f||||||||||
=008  150625s2006\\\\no#||||\|||||||f#|||nob|\
=014  1\$a06088617x$b(NO-TrBIB)
=014  1\$a06088617x$b(NO-TrBIB)
=015  \\$a0611076$2nbf
=020  \\$a8202261147$cNkr 359.00
=020  \\$a9788202261146
=035  \\$a(EXLNZ-47BIBSYS_NETWORK)990608861704702201
=035  \\$a(NO-TrBIB)06088617x
=035  \\$a06088617x-47bibsys_network
=035  \\$a06ga10317-47bibsys_nb
=035  \\$a06sa07700-47bibsys_nb
=040  \\$aNO-OsNB$bnob$ekatreg
=042  \\$anorbibl
=044  \\$cno
=080  \\$a839.6
=082  74$a839.823$qNO-OsNB$25/nor
=100  1\$aFossum, Karin$d1954-$0(NO-TrBIB)90608300
=245  10$aBrudd$cKarin Fossum$h[lydopptak]
=260  \\$a[Oslo]$bCappelen$c2006
=300  \\$a7 plater (CD) (7 t, 52 min)$bdigital$c12 cm, i eske
=500  \\$aLest av Gisken Armand
=700  1\$aArmand, Gisken$d1962-$emedarb.$0(NO-TrBIB)98012201
=852  8\$b0030100$cg00005$hqSmåtr. 1316
=852  8\$b0183334$cg00001$hd KZ 2006 0643-0649
=856  42$3Forlagets beskrivelse (kort)$uhttps://contents.bibs.aws.unit.no/?isbn=8202261147
=856  42$3Forlagets beskrivelse (kort)$uhttps://contents.bibs.aws.unit.no/?isbn=9788202261146
=856  42$3Forlagets beskrivelse (lang)$uhttps://contents.bibs.aws.unit.no/?isbn=8202261147
=856  42$3Forlagets beskrivelse (lang)$uhttps://contents.bibs.aws.unit.no/content/?isbn=9788202261146
=856  42$3Lydfil$uhttps://contents.bibs.aws.unit.no/files/audio/mp3/6/4/9788202261146.mp3$qaudio/mpeg
=856  42$3Omslagsbilde$uhttps://contents.bibs.aws.unit.no/files/images/large/6/4/9788202261146.jpg$qimage/jpeg
=856  42$3Omslagsbilde$uhttps://contents.bibs.aws.unit.no/files/images/large/7/4/8202261147.jpg$qimage/jpeg
=856  42$3Omslagsbilde$uhttps://contents.bibs.aws.unit.no/files/images/small/6/4/9788202261146.jpg$qimage/jpeg
=856  42$3Omslagsbilde$uhttps://contents.bibs.aws.unit.no/files/images/small/7/4/8202261147.jpg$qimage/jpeg
=856  42$3Originalt bilde$uhttps://contents.bibs.aws.unit.no/files/images/original/6/4/9788202261146.jpg$qimage/jpeg
=859  \\$a0030100$bg00005$cqSmåtr. 1316$f0$h0$x2015-10-31
=859  \\$a0183334$bg00001$cd KZ 2006 0643-0649$f0$h0$x2015-10-31
=876  \\$a06ga10317$d20060608$jkat$p06ga10317$r06ga10317$wCD$z(CD-plater) (Til bruk på NB Oslos lesesal)
=876  \\$a06sa07700$d20060526$jkat$p06sa07700$r06sa07700$wCD
=901  \\$a90
=913  \\$aNorbok$bNB

