=LDR  02547cim a2200529 c 4500
=001  990608864394702202
=005  20230220095721.0
=007  sd\f||||||||||
=008  110826s2006\\\\no#||||\|||||||f#|||nob|\
=014  1\$a060886439$b(NO-TrBIB)
=014  1\$a060886439$b(NO-TrBIB)
=015  \\$a0611073$2nbf
=020  \\$a8278442304$cNkr 349.00
=020  \\$a9788278442302
=035  \\$a(EXLNZ-47BIBSYS_NETWORK)990608864394702201
=035  \\$a(NO-TrBIB)060886439
=035  \\$a060886439-47bibsys_network
=035  \\$a06ga10313-47bibsys_nb
=035  \\$a06sa07707-47bibsys_nb
=040  \\$aNO-OsNB$bnob$ekatreg
=042  \\$anorbibl
=044  \\$cno
=082  74$a839.823$qNO-OsNB$25/nor
=100  1\$aFossum, Karin$d1954-$0(NO-TrBIB)90608300
=245  10$aEvas øye$cKarin Fossum$h[lydopptak]
=260  \\$aOslo$bFono forl.$c2006
=300  \\$a8 plater (CD) (9 t, 15 min)$bdigital$c12 cm, i eske
=500  \\$aLest av Kirsti Grundvig
=700  1\$aGrundvig, Kirsti$d1947-$emedarb.$0(NO-TrBIB)4058451
=852  8\$b0030100$cg00005$hqSmåtr. 1316
=852  8\$b0183334$cg00001$hd KZ 2006 0655-0662
=856  42$3Forlagets beskrivelse (kort)$uhttps://contents.bibs.aws.unit.no/?isbn=8278442304
=856  42$3Forlagets beskrivelse (kort)$uhttps://contents.bibs.aws.unit.no/?isbn=9788278442302
=856  42$3Forlagets beskrivelse (lang)$uhttps://contents.bibs.aws.unit.no/?isbn=8278442304
=856  42$3Forlagets beskrivelse (lang)$uhttps://contents.bibs.aws.unit.no/?isbn=9788278442302
=856  42$3Lydfil$uhttps://contents.bibs.aws.unit.no/files/audio/mp3/2/0/9788278442302.mp3$qaudio/mpeg
=856  42$3Omslagsbilde$uhttps://contents.bibs.aws.unit.no/files/images/large/2/0/9788278442302.jpg$qimage/jpeg
=856  42$3Omslagsbilde$uhttps://contents.bibs.aws.unit.no/files/images/large/4/0/8278442304.jpg$qimage/jpeg
=856  42$3Omslagsbilde$uhttps://contents.bibs.aws.unit.no/files/images/small/2/0/9788278442302.jpg$qimage/jpeg
=856  42$3Omslagsbilde$uhttps://contents.bibs.aws.unit.no/files/images/small/4/0/8278442304.jpg$qimage/jpeg
=856  42$3Originalt bilde$uhttps://contents.bibs.aws.unit.no/files/images/original/2/0/9788278442302.jpg$qimage/jpeg
=859  \\$a0030100$bg00005$cqSmåtr. 1316$f0$h0$x2015-10-31
=859  \\$a0183334$bg00001$cd KZ 2006 0655-0662$f0$h0$x2015-10-31
=876  \\$a06ga10313$d20060608$jkat$p06ga10313$r06ga10313$wCD$z(CD-plater) (Til bruk på NB Oslos lesesal)
=876  \\$a06sa07707$d20060526$jkat$p06sa07707$r06sa07707$wCD
=901  \\$a90
=913  \\$aNorbok$bNB

