=LDR  02398cam a2200517 c 4500
=001  990609397884702202
=005  20240103063340.0
=007  ta
=008  110826s2006\\\\xx#|||||||||||000|f|eng|\
=014  1\$a060939788$b(NO-TrBIB)
=015  \\$a0611163$2nbf
=020  \\$a0099474662$qh.
=020  \\$a9780099474661$qh.
=035  \\$a(EXLNZ-47BIBSYS_NETWORK)990609397884702201
=035  \\$a(NO-TrBIB)060939788
=035  \\$a060939788-47bibsys_network
=035  \\$a06ga10276-47bibsys_nb
=040  \\$aNO-OsNB$bnob$ekatreg
=041  1\$hnob
=042  \\$anorbibl
=044  \\$cgb
=082  74$a839.823$qNO-OsNB$25/nor
=100  1\$aFossum, Karin$d1954-$0(NO-TrBIB)90608300
=245  10$aCalling out for you$cKarin Fossum ; translated from the Norwegian by Charlotte Barslund
=246  1\$aElskede Poona$iOriginaltittel
=260  \\$aLondon$bVintage Books$c2006
=300  \\$a387 s.
=655  \7$aRomaner$0(uri)https://id.nb.no/vocabulary/ntsf/258$2ntsf
=700  1\$aBarslund, Charlotte$4trl
=852  8\$b0030100$cg00005$hNA/A 2006:4122
=856  42$3Forlagets beskrivelse (kort)$uhttps://contents.bibs.aws.unit.no/?isbn=0099474662
=856  42$3Forlagets beskrivelse (kort)$uhttps://contents.bibs.aws.unit.no/?isbn=9780099474661
=856  42$3Forlagets beskrivelse (lang)$uhttps://contents.bibs.aws.unit.no/?isbn=0099474662
=856  42$3Forlagets beskrivelse (lang)$uhttps://contents.bibs.aws.unit.no/?isbn=9780099474661
=856  42$3Forlagets beskrivelse (lang)$uhttps://contents.bibs.aws.unit.no/content/?isbn=9780099474661
=856  42$3Omslagsbilde$uhttps://contents.bibs.aws.unit.no/files/images/large/1/6/9780099474661.jpg$qimage/jpeg
=856  42$3Omslagsbilde$uhttps://contents.bibs.aws.unit.no/files/images/large/2/6/0099474662.jpg$qimage/jpeg
=856  42$3Omslagsbilde$uhttps://contents.bibs.aws.unit.no/files/images/small/1/6/9780099474661.jpg$qimage/jpeg
=856  42$3Omslagsbilde$uhttps://contents.bibs.aws.unit.no/files/images/small/2/6/0099474662.jpg$qimage/jpeg
=856  42$3Originalt bilde$uhttps://contents.bibs.aws.unit.no/files/images/original/1/6/9780099474661.jpg$qimage/jpeg
=859  \\$a0030100$bg00005$cNA/A 2006:4122$f0$h0$x2015-10-31
=876  \\$a06ga10276$d20060608$jkat$p06ga10276$r06ga10276$wBOOK$xHe$z(h.) (Til bruk på NB Oslos lesesal)
=901  \\$a90
=913  \\$aNorbok$bNB
=960  \\$an$9LOCAL
=997  \\$an$9LOCAL

