=LDR  01346cam a2200397 c 4500
=001  990609532094702202
=005  20230531161034.0
=007  ta
=008  110826s2006\\\\xx#|||||||||||000|f|ger|\
=014  1\$a060953209$b(NO-TrBIB)
=015  \\$a0611352$2nbf
=020  \\$a349204803X$qib.
=020  \\$a9783492048033$qib.
=035  \\$a(EXLNZ-47BIBSYS_NETWORK)990609532094702201
=035  \\$a(NO-TrBIB)060953209
=035  \\$a060953209-47bibsys_network
=035  \\$a06ga10506-47bibsys_nb
=040  \\$aNO-OsNB$bnob$ekatreg
=041  1\$hnob
=042  \\$anorbibl
=044  \\$cde
=082  74$a839.823$qNO-OsNB$25/nor
=100  1\$aFossum, Karin$d1954-$0(NO-TrBIB)90608300
=245  14$aDer Mord an Harriet Krohn :$bKriminalroman$cKarin Fossum ; aus dem Norwegischen von Gabriele Haefs
=246  1\$aDrapet på Harriet Krohn$iOriginaltittel
=260  \\$aMünchen$bPiper Nordiska$ccop. 2006
=300  \\$a269 s.
=655  \7$aRomaner$0(uri)https://id.nb.no/vocabulary/ntsf/258$2ntsf
=700  1\$aHaefs, Gabriele$4trl
=852  8\$b0030100$cg00005$hNA/A 2006:4266
=859  \\$a0030100$bg00005$cNA/A 2006:4266$f0$h0$x2015-10-31
=876  \\$a06ga10506$d20060612$jkat$p06ga10506$r06ga10506$wBOOK$xNorla/He$z(ib.) (Til bruk på NB Oslos lesesal)
=901  \\$a90
=913  \\$aNorbok$bNB
=960  \\$an$9LOCAL
=997  \\$an$9LOCAL

