=LDR  01361cam a2200409 c 4500
=001  990610296104702202
=005  20230531161207.0
=007  ta
=008  110826s2006\\\\xx#|||||||||||000|f|swe|\
=014  1\$a061029610$b(NO-TrBIB)
=015  \\$a0616594$2nbf
=020  \\$a9137130226$qib.
=020  \\$a9789137130224$qib.
=035  \\$a(EXLNZ-47BIBSYS_NETWORK)990610296104702201
=035  \\$a(NO-TrBIB)061029610
=035  \\$a061029610-47bibsys_network
=035  \\$a06ga11578-47bibsys_nb
=040  \\$aNO-OsNB$bnob$ekatreg
=041  1\$hnob
=042  \\$anorbibl
=044  \\$cse
=082  74$a839,823$qNO-OsNB$25/nor
=100  1\$aFossum, Karin$d1954-$0(NO-TrBIB)90608300
=245  10$aMordet på Harriet Krohn :$bkriminalroman$cKarin Fossum ; översättning Helena och Ulf Örnkloo
=246  1\$aDrapet på Harriet Krohn$iOriginaltittel
=260  \\$aStockholm$bForum$c2006
=300  \\$a229 s.
=655  \7$aRomaner$0(uri)https://id.nb.no/vocabulary/ntsf/258$2ntsf
=700  1\$aÖrnkloo, Helena$4trl
=700  1\$aÖrnkloo, Ulf$4trl
=852  8\$b0030100$cg00005$hNA/A 2006:7685
=859  \\$a0030100$bg00005$cNA/A 2006:7685$f0$h0$x2015-10-31
=876  \\$a06ga11578$d20061113$jkat$p06ga11578$r06ga11578$wBOOK$xHe$z(ib.) (Til bruk på NB Oslos lesesal)
=901  \\$a90
=913  \\$aNorbok$bNB
=960  \\$an$9LOCAL
=997  \\$an$9LOCAL

