=LDR  02319cim a2200505 c 4500
=001  990610879554702202
=005  20230228102939.0
=007  sd\f||||||||||
=008  110826s2006\\\\no#||||\|||||||f#|||nob|\
=014  1\$a061087955$b(NO-TrBIB)
=014  1\$a061087955$b(NO-TrBIB)
=015  \\$a0612662$2nbf
=020  \\$a8278442444$cNkr 298.00
=020  \\$a9788278442449
=035  \\$a(EXLNZ-47BIBSYS_NETWORK)990610879554702201
=035  \\$a(NO-TrBIB)061087955
=035  \\$a061087955-47bibsys_network
=035  \\$a06ga13159-47bibsys_nb
=035  \\$a06sa09675-47bibsys_nb
=040  \\$aNO-OsNB$bnob$ekatreg
=042  \\$anorbibl
=044  \\$cno
=082  74$a839.823$qNO-OsNB$25/nor
=100  1\$aFossum, Karin$d1954-$0(NO-TrBIB)90608300
=245  10$aSe deg ikke tilbake!$cKarin Fossum$h[lydopptak]
=260  \\$aOslo$bFono forl.$c2006
=300  \\$a7 plater (CD) (8 t, 25 min)$bdigital$c12 cm, i eske
=500  \\$aLest av Trini Lund
=700  1\$aLund, Trini$d1951-$emedarb.$0(NO-TrBIB)98025238
=852  8\$b0030100$cg00005$hSmåtr. 1152
=852  8\$b0183334$cg00001$hd KZ 2006 0813-0819
=856  42$3Forlagets beskrivelse (kort)$uhttps://contents.bibs.aws.unit.no/?isbn=8278442444
=856  42$3Forlagets beskrivelse (kort)$uhttps://contents.bibs.aws.unit.no/?isbn=9788278442449
=856  42$3Forlagets beskrivelse (lang)$uhttps://contents.bibs.aws.unit.no/?isbn=8278442444
=856  42$3Forlagets beskrivelse (lang)$uhttps://contents.bibs.aws.unit.no/?isbn=9788278442449
=856  42$3Lydfil$uhttps://contents.bibs.aws.unit.no/files/audio/mp3/9/4/9788278442449.mp3$qaudio/mpeg
=856  42$3Miniatyrbilde$uhttps://contents.bibs.aws.unit.no/files/images/small/9/4/9788278442449.jpg$qimage/jpeg
=856  42$3Omslagsbilde$uhttps://contents.bibs.aws.unit.no/files/images/large/9/4/9788278442449.jpg$qimage/jpeg
=856  42$3Originalt bilde$uhttps://contents.bibs.aws.unit.no/files/images/original/9/4/9788278442449.jpg$qimage/jpeg
=859  \\$a0030100$bg00005$cSmåtr. 1152$f0$h0$x2015-10-31
=859  \\$a0183334$bg00001$cd KZ 2006 0813-0819$f0$h0$x2015-10-31
=876  \\$a06ga13159$d20060727$jkat$p06ga13159$r06ga13159$wCD$z(CD-plater)(Til bruk på NB Oslos lesesal)
=876  \\$a06sa09675$d20060704$jkat$p06sa09675$r06sa09675$wCD
=901  \\$a90
=913  \\$aNorbok$bNB

