=LDR  02359cim a2200517 c 4500
=001  990613430804702202
=005  20230228102941.0
=007  sd\f||||||||||
=008  110826s2006\\\\no#||||\|||||||f#|||nob|\
=014  1\$a061343080$b(NO-TrBIB)
=014  1\$a061343080$b(NO-TrBIB)
=015  \\$a0614115$2nbf
=020  \\$a8278442487$cNkr 298.00
=020  \\$a9788278442487
=035  \\$a(EXLNZ-47BIBSYS_NETWORK)990613430804702201
=035  \\$a(NO-TrBIB)061343080
=035  \\$a061343080-47bibsys_network
=035  \\$a06ga17557-47bibsys_nb
=035  \\$a06sa11640-47bibsys_nb
=040  \\$aNO-OsNB$bnob$ekatreg
=042  \\$anorbibl
=044  \\$cno
=082  74$a839.823$qNO-OsNB$25/nor
=100  1\$aFossum, Karin$d1954-$0(NO-TrBIB)90608300
=245  10$aDjevelen holder lyset$cKarin Fossum$h[lydopptak]
=260  \\$aOslo$bFono forl.$c2006
=300  \\$a7 plater (CD) (7 t, 32 min)$bdigital$c12 cm, i eske
=500  \\$a1. lydbokutg. 1998(?)
=500  \\$aLest av Trini Lund
=700  1\$aLund, Trini$d1951-$emedarb.$0(NO-TrBIB)98025238
=852  8\$b0030100$cg00005$hqSmåtr. 1411
=852  8\$b0183334$cg00001$hd KZ 2006 1446-1452
=856  42$3Forlagets beskrivelse (kort)$uhttps://contents.bibs.aws.unit.no/?isbn=8278442487
=856  42$3Forlagets beskrivelse (kort)$uhttps://contents.bibs.aws.unit.no/?isbn=9788278442487
=856  42$3Forlagets beskrivelse (lang)$uhttps://contents.bibs.aws.unit.no/?isbn=8278442487
=856  42$3Forlagets beskrivelse (lang)$uhttps://contents.bibs.aws.unit.no/?isbn=9788278442487
=856  42$3Lydfil$uhttps://contents.bibs.aws.unit.no/files/audio/mp3/7/8/9788278442487.mp3$qaudio/mpeg
=856  42$3Miniatyrbilde$uhttps://contents.bibs.aws.unit.no/files/images/small/7/8/9788278442487.jpg$qimage/jpeg
=856  42$3Omslagsbilde$uhttps://contents.bibs.aws.unit.no/files/images/large/7/8/9788278442487.jpg$qimage/jpeg
=856  42$3Originalt bilde$uhttps://contents.bibs.aws.unit.no/files/images/original/7/8/9788278442487.jpg$qimage/jpeg
=859  \\$a0030100$bg00005$cqSmåtr. 1411$f0$h0$x2015-10-31
=859  \\$a0183334$bg00001$cd KZ 2006 1446-1452$f0$h0$x2015-10-31
=876  \\$a06ga17557$d20060925$jkat$p06ga17557$r06ga17557$wCD$z(CD-plate)(Til bruk på NB Oslos lesesal)
=876  \\$a06sa11640$d20060828$jkat$p06sa11640$r06sa11640$wCD
=901  \\$a90
=913  \\$aNorbok$bNB

