=LDR  02471cim a2200541 c 4500
=001  990616348244702202
=005  20230228102943.0
=007  sd\f||||||||||
=008  150407s2006\\\\no#||||\|||||||f#|||nob|\
=014  1\$a061634824$b(NO-TrBIB)
=014  1\$a061634824$b(NO-TrBIB)
=015  \\$a0615389$2nbf
=020  \\$a8278442584$cNkr 349.00
=020  \\$a9788278442586
=035  \\$a(EXLNZ-47BIBSYS_NETWORK)990616348244702201
=035  \\$a(NO-TrBIB)061634824
=035  \\$a061634824-47bibsys_network
=035  \\$a06sa13960-47bibsys_nb
=035  \\$a07ga04738-47bibsys_nb
=040  \\$aNO-OsNB$bnob$ekatreg
=042  \\$anorbibl
=044  \\$cno
=082  74$a839.823$qNO-OsNB$25/nor
=100  1\$aFossum, Karin$d1954-$0(NO-TrBIB)90608300
=245  10$aDe gales hus$cKarin Fossum$h[lydopptak]
=260  \\$aOslo$bFono$c2006
=300  \\$a12 plater (CD) (13 t, 45 min)$bdigital$c12 cm, i eske
=500  \\$a1. lydbokutg. 1999
=500  \\$aLest av Kirsti Grundvig
=653  \\$anorske$aromaner$alydbøker$apsykiatriske$ainstitusjoner$apasienter$apsykiatri
=655  \4$aKriminal
=700  1\$aGrundvig, Kirsti$d1947-$emedarb.$0(NO-TrBIB)4058451
=852  8\$b0030100$cg00005$hqSmåtr. 1498
=852  8\$b0183334$cg00001$hd KZ 2006 1814-1825
=856  42$3Forlagets beskrivelse (kort)$uhttps://contents.bibs.aws.unit.no/?isbn=8278442584
=856  42$3Forlagets beskrivelse (kort)$uhttps://contents.bibs.aws.unit.no/?isbn=9788278442586
=856  42$3Forlagets beskrivelse (lang)$uhttps://contents.bibs.aws.unit.no/?isbn=8278442584
=856  42$3Forlagets beskrivelse (lang)$uhttps://contents.bibs.aws.unit.no/?isbn=9788278442586
=856  42$3Lydfil$uhttps://contents.bibs.aws.unit.no/files/audio/mp3/6/8/9788278442586.mp3$qaudio/mpeg
=856  42$3Miniatyrbilde$uhttps://contents.bibs.aws.unit.no/files/images/small/6/8/9788278442586.jpg$qimage/jpeg
=856  42$3Omslagsbilde$uhttps://contents.bibs.aws.unit.no/files/images/large/6/8/9788278442586.jpg$qimage/jpeg
=856  42$3Originalt bilde$uhttps://contents.bibs.aws.unit.no/files/images/original/6/8/9788278442586.jpg$qimage/jpeg
=859  \\$a0030100$bg00005$cqSmåtr. 1498$f0$h0$x2015-10-31
=859  \\$a0183334$bg00001$cd KZ 2006 1814-1825$f0$h0$x2015-10-31
=876  \\$a06sa13960$d20061009$jkat$p06sa13960$r06sa13960$wCD
=876  \\$a07ga04738$d20070222$jkat$p07ga04738$r07ga04738$wCD$z(CD-plate)(Til bruk på NB Oslos lesesal)
=901  \\$a90
=913  \\$aNorbok$bNB

