=LDR  01176cam a2200361 c 4500
=001  990617377394702202
=005  20230531162227.0
=007  ta
=008  130809s2006\\\\xx#|||||||||||000|f|kor|\
=014  1\$a061737739$b(NO-TrBIB)
=020  \\$a8975275515$qh.
=035  \\$a(EXLNZ-47BIBSYS_NETWORK)990617377394702201
=035  \\$a(NO-TrBIB)061737739
=035  \\$a061737739-47bibsys_network
=035  \\$a06ga19962-47bibsys_nb
=040  \\$aNO-OsNB$bnob$ekatreg
=041  1\$hnob
=042  \\$anorbibl
=044  \\$ckr
=082  74$a839.823$qNO-OsNB$25/nor
=100  1\$aFossum, Karin$d1954-$0(NO-TrBIB)90608300
=245  10$aNuga saakhan nŭktaerŭl turyŏwŏhanŭn'ga
=246  1\$aDen som frykter ulven$iOriginaltittel
=260  \\$aSeoul$bDulnyouk Publishing$c2006
=300  \\$a415 s.
=655  \7$aRomaner$0(uri)https://id.nb.no/vocabulary/ntsf/258$2ntsf
=852  8\$b0030100$cg00005$hNA/A 2007:6788
=859  \\$a0030100$bg00005$cNA/A 2007:6788$f0$h0$x2015-10-31
=876  \\$a06ga19962$d20061025$jkat$p06ga19962$r06ga19962$wBOOK$xHe$z(h.) (Til bruk på NB Oslos lesesal)
=901  \\$a90
=913  \\$aNorbok$bNB
=960  \\$an$9LOCAL
=997  \\$an$9LOCAL

