=LDR  01311cam a2200397 c 4500
=001  990700455004702202
=005  20230531162729.0
=007  ta
=008  130626s2006\\\\xx#|||||||||||000|f|est|\
=014  1\$a07004550x$b(NO-TrBIB)
=015  \\$a0705416$2nbf
=020  \\$a9789985655795$qib.
=020  \\$a9985655796$qib.
=035  \\$a(EXLNZ-47BIBSYS_NETWORK)990700455004702201
=035  \\$a(NO-TrBIB)07004550x
=035  \\$a07004550x-47bibsys_network
=035  \\$a07ga00808-47bibsys_nb
=040  \\$aNO-OsNB$bnob$ekatreg
=041  1\$hnob
=042  \\$anorbibl
=044  \\$cee
=082  74$a839.823$qNO-OsNB$25/nor
=100  1\$aFossum, Karin$d1954-$0(NO-TrBIB)90608300
=245  10$aNeljanda novembri öö :$bromaan$cKarin Fossum ; norra keelest tõlkinud Eha Vain
=246  1\$aNatt til fjerde november$iOriginaltittel
=260  \\$a[Tallinn]$bEesti Raamat$c2006
=300  \\$a173 s.
=655  \7$aRomaner$0(uri)https://id.nb.no/vocabulary/ntsf/258$2ntsf
=700  1\$aVain, Eha$4trl
=852  8\$b0030100$cg00005$hNA/A 2006:8535
=859  \\$a0030100$bg00005$cNA/A 2006:8535$f0$h0$x2015-10-31
=876  \\$a07ga00808$d20070111$jkat$p07ga00808$r07ga00808$wBOOK$xHe$z(ib.) (Til bruk på NB Oslos lesesal)
=901  \\$a90
=913  \\$aNorbok$bNB
=960  \\$an$9LOCAL
=997  \\$an$9LOCAL

