=LDR  01258cam a2200397 c 4500
=001  990700685184702202
=005  20230531162758.0
=007  ta
=008  110826s2007\\\\xx#|||||||||||000|f|swe|\
=014  1\$a070068518$b(NO-TrBIB)
=015  \\$a0707616$2nbf
=020  \\$a9137130110$qib.
=020  \\$a9789137130118$qib.
=035  \\$a(EXLNZ-47BIBSYS_NETWORK)990700685184702201
=035  \\$a(NO-TrBIB)070068518
=035  \\$a070068518-47bibsys_network
=035  \\$a07ga01188-47bibsys_nb
=040  \\$aNO-OsNB$bnob$ekatreg
=041  1\$hnob
=042  \\$anorbibl
=044  \\$cse
=082  74$a839.823$qNO-OsNB$25/nor
=100  1\$aFossum, Karin$d1954-$0(NO-TrBIB)90608300
=245  10$aBrott$cKarin Fossum ; översättning Ulf Örnkloo
=246  1\$aBrudd$iOriginaltittel
=260  \\$aStockholm$bForum$c2007
=300  \\$a274 s.
=655  \7$aRomaner$0(uri)https://id.nb.no/vocabulary/ntsf/258$2ntsf
=700  1\$aÖrnkloo, Ulf$4trl
=852  8\$b0030100$cg00005$hNA/A 2007:2745
=859  \\$a0030100$bg00005$cNA/A 2007:2745$f0$h0$x2015-10-31
=876  \\$a07ga01188$d20070320$jkat$p07ga01188$r07ga01188$wBOOK$xKiP$z(ib.) (Til bruk på NB Oslos lesesal)
=901  \\$a90
=913  \\$aNorbok$bNB
=960  \\$an$9LOCAL
=997  \\$an$9LOCAL

