=LDR  01299cam a2200397 c 4500
=001  990701012214702202
=005  20230531162837.0
=007  ta
=008  110826s2006\\\\xx#|||||||||||000|f|fre|\
=014  1\$a070101221$b(NO-TrBIB)
=020  \\$a2290348872$qh.
=035  \\$a(EXLNZ-47BIBSYS_NETWORK)990701012214702201
=035  \\$a(NO-TrBIB)070101221
=035  \\$a070101221-47bibsys_network
=035  \\$a07ga02144-47bibsys_nb
=040  \\$aNO-OsNB$bnob$ekatreg
=041  1\$hnob
=042  \\$anorbibl
=044  \\$cfr
=082  74$a839.823$qNO-OsNB$25/nor
=100  1\$aFossum, Karin$d1954-$0(NO-TrBIB)90608300
=245  10$aCelui qui a peur du loup$cKarin Fossum ; traduit du norvégien par Alex Fouillet
=246  1\$aDen som frykter ulven$iOriginaltittel
=260  \\$aParis$bJ'ai lu$c2006
=300  \\$a313 s.
=490  1\$aPolicier$v8130
=655  \7$aRomaner$0(uri)https://id.nb.no/vocabulary/ntsf/258$2ntsf
=700  1\$aFouillet, Alex$4trl
=830  \0$aPolicier$v8130
=852  8\$b0030100$cg00005$hNA/A 2007:2754
=859  \\$a0030100$bg00005$cNA/A 2007:2754$f0$h0$x2015-10-31
=876  \\$a07ga02144$d20070124$jkat$p07ga02144$r07ga02144$wBOOK$xHe$z(h.) (Til bruk på NB Oslos lesesal)
=901  \\$a90
=913  \\$aNorbok$bNB
=960  \\$an$9LOCAL
=997  \\$an$9LOCAL

