=LDR  01616cam a2200457 c 4500
=001  990701013374702202
=005  20230531162840.0
=007  ta
=008  110826s2006\\\\xx#|||||||||||000|f|dut|\
=014  1\$a070101337$b(NO-TrBIB)
=014  1\$a070101337$b(NO-TrBIB)
=020  \\$a9022321207$qib.
=020  \\$a9041411321$qh.
=020  \\$a9789022321201$qib.
=020  \\$a9789041411327$qh.
=035  \\$a(EXLNZ-47BIBSYS_NETWORK)990701013374702201
=035  \\$a(NO-TrBIB)070101337
=035  \\$a070101337-47bibsys_network
=035  \\$a07ga02147-47bibsys_nb
=035  \\$a07ga02148-47bibsys_nb
=040  \\$aNO-OsNB$bnob$ekatreg
=041  1\$hnob
=042  \\$anorbibl
=044  \\$cnl
=082  74$a839.823$qNO-OsNB$25/nor
=100  1\$aFossum, Karin$d1954-$0(NO-TrBIB)90608300
=245  10$aDe nacht van vier november$cKarin Fossum ; vertaald door Annemarie Smit
=246  1\$aNatt til fjerde november$iOriginaltittel
=260  \\$aAntwerpen$bManteau$c2006
=655  \7$aRomaner$0(uri)https://id.nb.no/vocabulary/ntsf/258$2ntsf
=700  1\$aSmit, Annemarie$4trl
=852  8\$b0030100$cg00005$hNA/A 2007:2706
=852  8\$b0030100$cg00005$hNA/A 2007:2707
=859  \\$a0030100$bg00005$cNA/A 2007:2706$f0$h0$x2015-10-31
=859  \\$a0030100$bg00005$cNA/A 2007:2707$f0$h0$x2015-10-31
=876  \\$a07ga02147$d20070124$jkat$p07ga02147$r07ga02147$wBOOK$xHe$z(ib.) (Til bruk på NB Oslos lesesal)
=876  \\$a07ga02148$d20070124$jkat$p07ga02148$r07ga02148$wBOOK$xHe$z(h.) (Til bruk på NB Oslos lesesal)
=901  \\$a90
=913  \\$aNorbok$bNB
=960  \\$an$9LOCAL
=997  \\$an$9LOCAL

