=LDR  01286cam a2200397 c 4500
=001  990702472934702202
=005  20230531163150.0
=007  ta
=008  110826s2007\\\\xx#|||||||||||000|f|dan|\
=014  1\$a070247293$b(NO-TrBIB)
=015  \\$a0707029$2nbf
=020  \\$a9788702051681$qh.
=020  \\$z8702051680$qh.
=035  \\$a(EXLNZ-47BIBSYS_NETWORK)990702472934702201
=035  \\$a(NO-TrBIB)070247293
=035  \\$a070247293-47bibsys_network
=035  \\$a07ga04890-47bibsys_nb
=040  \\$aNO-OsNB$bnob$ekatreg
=041  1\$hnob
=042  \\$anorbibl
=044  \\$cdk
=082  74$a839.823$qNO-OsNB$25/nor
=100  1\$aFossum, Karin$d1954-$0(NO-TrBIB)90608300
=245  10$aBrud :$broman$cKarin Fossum ; på dansk ved Poul Bratbjerg Hansen
=246  1\$aBrudd$iOriginaltittel
=260  \\$a[København]$bGyldendal$c2007
=300  \\$a242 s.
=655  \7$aRomaner$0(uri)https://id.nb.no/vocabulary/ntsf/258$2ntsf
=700  1\$aBratbjerg Hansen, Poul$4trl
=852  8\$b0030100$cg00005$hNA/A 2007:2020
=859  \\$a0030100$bg00005$cNA/A 2007:2020$f0$h0$x2015-10-31
=876  \\$a07ga04890$d20070226$jkat$p07ga04890$r07ga04890$wBOOK$xHe$z(h.) (Til bruk på NB Oslos lesesal)
=901  \\$a90
=913  \\$aNorbok$bNB
=960  \\$an$9LOCAL
=997  \\$an$9LOCAL

