=LDR  02290cim a2200517 c 4500
=001  990703960274702202
=005  20230228095642.0
=007  sd\f||||||||||
=008  110826s2007\\\\no#||||\|||||||f#|||nob|\
=014  1\$a070396027$b(NO-TrBIB)
=014  1\$a070396027$b(NO-TrBIB)
=015  \\$a0707661$2nbf
=020  \\$a9788202271329$cNkr 349.00
=035  \\$a(EXLNZ-47BIBSYS_NETWORK)990703960274702201
=035  \\$a(NO-TrBIB)070396027
=035  \\$a070396027-47bibsys_network
=035  \\$a07ga43972-47bibsys_nb
=035  \\$a07sa04649-47bibsys_nb
=040  \\$aNO-OsNB$bnob$ekatreg
=042  \\$anorbibl
=044  \\$cno
=082  74$a839.823$qNO-OsNB$25/nor
=100  1\$aFossum, Karin$d1954-$0(NO-TrBIB)90608300
=245  10$aSvarte sekunder$cKarin Fossum$h[lydopptak]
=260  \\$a[Oslo]$bCappelen$c2007
=300  \\$a7 plater (CD) (8 t)$bdigital$c12 cm, i eske
=490  1\$aLydbok fra Cappelen
=500  \\$a1. lydbokutg. 2002
=500  \\$aLest av Trini Lund
=700  1\$aLund, Trini$d1951-$emedarb.$0(NO-TrBIB)98025238
=830  \0$aLydbok fra Cappelen
=852  8\$b0030100$cg00005$hqSmåtr. 1547
=852  8\$b0183334$cg00001$hd KZ 2007 0356-0362
=856  42$3Forlagets beskrivelse (kort)$uhttps://contents.bibs.aws.unit.no/?isbn=8202271320
=856  42$3Forlagets beskrivelse (kort)$uhttps://contents.bibs.aws.unit.no/?isbn=9788202271329
=856  42$3Forlagets beskrivelse (lang)$uhttps://contents.bibs.aws.unit.no/?isbn=9788202271329
=856  42$3Lydfil$uhttps://contents.bibs.aws.unit.no/files/audio/mp3/9/2/9788202271329.mp3$qaudio/mpeg
=856  42$3Miniatyrbilde$uhttps://contents.bibs.aws.unit.no/files/images/small/9/2/9788202271329.jpg$qimage/jpeg
=856  42$3Omslagsbilde$uhttps://contents.bibs.aws.unit.no/files/images/large/9/2/9788202271329.jpg$qimage/jpeg
=856  42$3Originalt bilde$uhttps://contents.bibs.aws.unit.no/files/images/original/9/2/9788202271329.jpg$qimage/jpeg
=859  \\$a0030100$bg00005$cqSmåtr. 1547$f0$h0$x2015-10-31
=859  \\$a0183334$bg00001$cd KZ 2007 0356-0362$f0$h0$x2015-10-31
=876  \\$a07ga43972$d20070529$jkat$p07ga43972$r07ga43972$wCD$z(CD-plate)(Til bruk på NB Oslos lesesal)
=876  \\$a07sa04649$d20070321$jkat$p07sa04649$r07sa04649$wCD
=901  \\$a90
=913  \\$aNorbok$bNB

