=LDR  01376cam a2200421 c 4500
=001  990705347564702202
=005  20230531163552.0
=007  ta
=008  110826s2003\\\\xx#|||||||||||000|f|ita|\
=014  1\$a070534756$b(NO-TrBIB)
=015  \\$a0916114$2nbf
=020  \\$a887684743X$qh.
=035  \\$a(EXLNZ-47BIBSYS_NETWORK)990705347564702201
=035  \\$a(NO-TrBIB)070534756
=035  \\$a070534756-47bibsys_network
=035  \\$a09ga46813-47bibsys_nb
=040  \\$aNO-OsNB$bnob$ekatreg
=041  1\$hnob
=042  \\$anorbibl
=044  \\$cit
=082  74$a839.823$qNO-OsNB$25/nor
=100  1\$aFossum, Karin$d1954-$0(NO-TrBIB)90608300
=245  10$aAmatissima Poona$cKarin Fossum ; traduzione di Pierina M. Marocco
=246  1\$aElskede Poona$iOriginaltittel
=260  \\$a[Milano]$bFrassinelli$ccop. 2003
=300  \\$a304 s.
=490  1\$aNarrativa
=500  \\$aPå omslaget: Le indigani dell'ispettore Sejer
=655  \7$aRomaner$0(uri)https://id.nb.no/vocabulary/ntsf/258$2ntsf
=700  1\$aMarocco, Pierina M.$4trl
=830  \0$aNarrativa
=852  8\$b0030100$cg00005$hNA/A 2009:7279
=859  \\$a0030100$bg00005$cNA/A 2009:7279$f0$h0$x2015-10-31
=876  \\$a09ga46813$d20091110$jkat$p09ga46813$r09ga46813$wBOOK$xKiP$z(h.) (Til bruk på NB Oslos lesesal)
=901  \\$a90
=913  \\$aNorbok$bNB
=960  \\$an$9LOCAL
=997  \\$an$9LOCAL

