=LDR  01227cam a2200385 c 4500
=001  990707426854702202
=005  20230531163942.0
=007  ta
=008  110826s2007\\\\xx#|||||||||||000|f|fin|\
=014  1\$a070742685$b(NO-TrBIB)
=015  \\$a0711881$2nbf
=020  \\$a9789510326435$qib.
=035  \\$a(EXLNZ-47BIBSYS_NETWORK)990707426854702201
=035  \\$a(NO-TrBIB)070742685
=035  \\$a070742685-47bibsys_network
=035  \\$a07ga43825-47bibsys_nb
=040  \\$aNO-OsNB$bnob$ekatreg
=041  1\$hnob
=042  \\$anorbibl
=044  \\$cfi
=082  74$a839.823$qNO-OsNB$25/nor
=100  1\$aFossum, Karin$d1954-$0(NO-TrBIB)90608300
=245  10$aMurtuma$cKarin Fossum ; suomentanut Tarja Teva
=246  1\$aBrudd$iOriginaltittel
=260  \\$aHelsinki$bJohnny Kniga$c2007
=300  \\$a332 s.
=655  \7$aRomaner$0(uri)https://id.nb.no/vocabulary/ntsf/258$2ntsf
=700  1\$aTeva, Tarja$4trl
=852  8\$b0030100$cg00005$hNA/A 2007:5476
=859  \\$a0030100$bg00005$cNA/A 2007:5476$f0$h0$x2015-10-31
=876  \\$a07ga43825$d20070815$jkat$p07ga43825$r07ga43825$wBOOK$xKiP$z(ib.) (Til bruk på NB Oslos lesesal)
=901  \\$a90
=913  \\$aNorbok$bNB
=960  \\$an$9LOCAL
=997  \\$an$9LOCAL

