=LDR  01274cam a2200385 c 4500
=001  990707447934702202
=005  20230531163946.0
=007  ta
=008  110826s2007\\\\xx#|||||||||||000|f|fre|\
=014  1\$a070744793$b(NO-TrBIB)
=015  \\$a0710446$2nbf
=020  \\$a9782290355411$qh.
=035  \\$a(EXLNZ-47BIBSYS_NETWORK)990707447934702201
=035  \\$a(NO-TrBIB)070744793
=035  \\$a070744793-47bibsys_network
=035  \\$a07ga43838-47bibsys_nb
=040  \\$aNO-OsNB$bnob$ekatreg
=041  1\$hnob
=042  \\$anorbibl
=044  \\$cfr
=082  74$a839.823$qNO-OsNB$25/nor
=100  1\$aFossum, Karin$d1954-$0(NO-TrBIB)90608300
=245  13$aLe diable tient la chandelle$cKarin Fossum ; traduit du norvégien par Alex Fouillet
=246  1\$aDjevelen holder lyset$iOriginaltittel
=260  \\$aParis$bJ'ai lu$c2007
=300  \\$a311 s.
=655  \7$aRomaner$0(uri)https://id.nb.no/vocabulary/ntsf/258$2ntsf
=700  1\$aFouillet, Alex$4trl
=852  8\$b0030100$cg00005$hNA/A 2007:4297
=859  \\$a0030100$bg00005$cNA/A 2007:4297$f0$h0$x2015-10-31
=876  \\$a07ga43838$d20070525$jkat$p07ga43838$r07ga43838$wBOOK$xKiP$z(h.) (Til bruk på NB Oslos lesesal)
=901  \\$a90
=913  \\$aNorbok$bNB
=960  \\$an$9LOCAL
=997  \\$an$9LOCAL

