=LDR  03089cam a2200685 c 4500
=001  990708482894702202
=005  20230802114732.0
=007  cr||||||||||||
=007  ta
=008  150623s2007\\\\no\|||||\|||||000|f|nob|\
=014  1\$a070848289$b(NO-TrBIB)
=014  1\$a070848289$b(NO-TrBIB)
=015  \\$a0711017$2nbf
=020  \\$a9788202275242$qib.$cNkr 349.00$qCappelen
=020  \\$a9788202276140$qib.$qCappelens bokklubb
=020  \\$a9788252566345$qib.$qBokklubben
=035  \\$a(EXLNZ-47BIBSYS_NETWORK)990708482894702201
=035  \\$a(NO-TrBIB)070848289
=035  \\$a(NO-TrBIB)113835167
=035  \\$a070848289-47bibsys_network
=035  \\$a07ga47977-47bibsys_nb
=035  \\$a07sa10281-47bibsys_nb
=040  \\$aNO-OsNB$bnob$ekatreg
=042  \\$anorbibl
=044  \\$cno
=080  \\$a82
=080  \\$a839.6
=082  04$a839.82$223
=082  74$a839.823$qNO-OsNB$25/nor
=084  \\$aS 4b$2oosk
=100  1\$aFossum, Karin$d1954-$0(NO-TrBIB)90608300$4aut
=245  10$aDen som elsker noe annet :$bkriminalroman$cKarin Fossum
=260  \\$a[Oslo]$bCappelen$c2007
=300  \\$a226 s.
=533  \\$aElektronisk reproduksjon$b[Norge]$cNasjonalbiblioteket Digital$d2011-07-11
=653  \\$anorsk$aromaner$a2000-tallet$akrim$aspenning
=655  \4$aKriminal
=655  \7$aRomaner$0(uri)https://id.nb.no/vocabulary/ntsf/258$2ntsf
=767  0\$6880-01$tJarima 'la hafah al-bahaira$w999921291584702201$z9789773196127
=767  0\$aFossum, Karin$tKdo miluje jinak$w991416769814702201
=767  0\$tAl final de la orilla$w999920983494102201$z978-84-663-4964-2
=767  0\$tAl final de la orilla$w999921292955502201$z978-84-663-7039-4
=880  0\$6767-01/(3/r$tجريمة على حافة البحيرة$w999921291584702201$z9789773196127
=852  8\$b0030100$cg00005$hNA/A 2007:5288
=852  8\$b0183334$cg00001$hb
=856  40$3$yNB Digital$uhttp://urn.nb.no/URN:NBN:no-nb_digibok_2011071108007$z
=856  41$3Fulltekst$uhttps://urn.nb.no/URN:NBN:no-nb_digibok_2011071108007$yNettbiblioteket$zDigital representasjon
=856  42$3Forlagets beskrivelse (kort)$uhttps://contents.bibs.aws.unit.no/?isbn=8202275245
=856  42$3Forlagets beskrivelse (kort)$uhttps://contents.bibs.aws.unit.no/?isbn=9788202275242
=856  42$3Forlagets beskrivelse (lang)$uhttps://contents.bibs.aws.unit.no/content/?isbn=9788202275242
=856  42$3Omslagsbilde$uhttps://contents.bibs.aws.unit.no/files/images/large/2/4/9788202275242.jpg$qimage/jpeg
=856  42$3Omslagsbilde$uhttps://contents.bibs.aws.unit.no/files/images/small/2/4/9788202275242.jpg$qimage/jpeg
=856  42$3Originalt bilde$uhttps://contents.bibs.aws.unit.no/files/images/original/2/4/9788202275242.jpg$qimage/jpeg
=859  \\$a0030100$bg00005$cNA/A 2007:5288$f0$h0$x2015-10-31
=859  \\$a0183334$bg00001$cb$f0$h0$x2015-10-31
=876  \\$a07ga47977$d20070806$jkat$p07ga47977$r07ga47977$wBOOK$z(ib.)(Til bruk på NB Oslos lesesal)
=876  \\$a07sa10281$d20070702$jkat$p07sa10281$r07sa10281$wBOOK
=901  \\$a90
=913  \\$aNorbok$bNB
=913  \\$aNORLA$bNB

