=LDR  02305cim a2200517 c 4500
=001  990709640254702202
=005  20230303083206.0
=007  sd\f||||||||||
=008  150112s2007\\\\no#||||\|||||||f#|||nob|\
=014  1\$a070964025$b(NO-TrBIB)
=014  1\$a070964025$b(NO-TrBIB)
=015  \\$a0711082$2nbf
=020  \\$a9788202275785$cNkr 369.00
=035  \\$a(EXLNZ-47BIBSYS_NETWORK)990709640254702201
=035  \\$a(NO-TrBIB)070964025
=035  \\$a070964025-47bibsys_network
=035  \\$a07ga52183-47bibsys_nb
=035  \\$a07sa10624-47bibsys_nb
=040  \\$aNO-OsNB$bnob$ekatreg
=042  \\$anorbibl
=044  \\$cno
=080  \\$a839.
=082  74$a839.823$qNO-OsNB$25/nor
=100  1\$aFossum, Karin$d1954-$0(NO-TrBIB)90608300
=245  10$aDen som elsker noe annet$cKarin Fossum$h[lydopptak]
=260  \\$a[Oslo]$bCappelen$c2007
=300  \\$a6 plater (CD) (7 t, 25 min)$bdigital$c12 cm, i eske
=490  1\$aLydbok fra Cappelen
=500  \\$aLest av Nils Ole Oftebro
=700  1\$aOftebro, Nils Ole$d1944-$emedarb.$0(NO-TrBIB)90605327
=830  \0$aLydbok fra Cappelen
=852  8\$b0030100$cg00005$hqSmåtr. 1611
=852  8\$b0183334$cg00001$hd KZ 2007 1099-1104
=856  42$3Forlagets beskrivelse (kort)$uhttps://contents.bibs.aws.unit.no/?isbn=8202275784
=856  42$3Forlagets beskrivelse (kort)$uhttps://contents.bibs.aws.unit.no/?isbn=9788202275785
=856  42$3Forlagets beskrivelse (lang)$uhttps://contents.bibs.aws.unit.no/?isbn=9788202275785
=856  42$3Lydfil$uhttps://contents.bibs.aws.unit.no/files/audio/mp3/5/8/9788202275785.mp3$qaudio/mpeg
=856  42$3Miniatyrbilde$uhttps://contents.bibs.aws.unit.no/files/images/small/5/8/9788202275785.jpg$qimage/jpeg
=856  42$3Omslagsbilde$uhttps://contents.bibs.aws.unit.no/files/images/large/5/8/9788202275785.jpg$qimage/jpeg
=856  42$3Originalt bilde$uhttps://contents.bibs.aws.unit.no/files/images/original/5/8/9788202275785.jpg$qimage/jpeg
=859  \\$a0030100$bg00005$cqSmåtr. 1611$f0$h0$x2015-10-31
=859  \\$a0183334$bg00001$cd KZ 2007 1099-1104$f0$h0$x2015-10-31
=876  \\$a07ga52183$d20070919$jkat$p07ga52183$r07ga52183$wCD$z(CD-plate)(Til bruk på NB Oslos lesesal)
=876  \\$a07sa10624$d20070705$jkat$p07sa10624$r07sa10624$wCD
=901  \\$a90
=913  \\$aNorbok$bNB

