=LDR  01589cam a2200421 c 4500
=001  990709906894702202
=005  20230531164347.0
=007  ta
=008  110826s2007\\\\xx#|||||||||||000|f|eng|\
=014  1\$a070990689$b(NO-TrBIB)
=015  \\$a0712269$2nbf
=020  \\$a9780151011827$qib.
=035  \\$a(EXLNZ-47BIBSYS_NETWORK)990709906894702201
=035  \\$a(NO-TrBIB)070990689
=035  \\$a070990689-47bibsys_network
=035  \\$a07ga46897-47bibsys_nb
=040  \\$aNO-OsNB$bnob$ekatreg
=041  1\$hnob
=042  \\$anorbibl
=044  \\$cus
=082  74$a839.823$qNO-OsNB$25/nor
=100  1\$aFossum, Karin$d1954-$0(NO-TrBIB)90608300
=245  14$aThe Indian bride$cKarin Fossum ; translated from the Norwegian by Charlotte Barslund
=246  1\$aElskede Poona$iOriginaltittel
=260  \\$aOrlando, Fla.$bHarcourt$c2007
=300  \\$a297 s.
=500  \\$aUndertittel på løst omslag: An inspector Sejer mystery
=655  \7$aRomaner$0(uri)https://id.nb.no/vocabulary/ntsf/258$2ntsf
=700  1\$aBarslund, Charlotte$4trl
=852  8\$b0030100$cg00005$hNA/A 2007:5762
=856  42$3Miniatyrbilde$uhttps://contents.bibs.aws.unit.no/files/images/small/7/2/9780151011827.jpg$qimage/jpeg
=856  42$3Omslagsbilde$uhttps://contents.bibs.aws.unit.no/files/images/large/7/2/9780151011827.jpg$qimage/jpeg
=859  \\$a0030100$bg00005$cNA/A 2007:5762$f0$h0$x2015-10-31
=876  \\$a07ga46897$d20070717$jkat$p07ga46897$r07ga46897$wBOOK$xHe$z(ib.) (Til bruk på NB Oslos lesesal)
=901  \\$a90
=913  \\$aNorbok$bNB
=960  \\$an$9LOCAL
=997  \\$an$9LOCAL

