=LDR  01884cam a2200481 c 4500
=001  990711956964702202
=005  20230531164600.0
=007  ta
=008  110826s2007\\\\xx#|||||||||||000|f|eng|\
=014  1\$a071195696$b(NO-TrBIB)
=015  \\$a0712278$2nbf
=020  \\$a9780156032124$qh.
=035  \\$a(EXLNZ-47BIBSYS_NETWORK)990711956964702201
=035  \\$a(NO-TrBIB)071195696
=035  \\$a071195696-47bibsys_network
=035  \\$a07ga50824-47bibsys_nb
=040  \\$aNO-OsNB$bnob$ekatreg
=041  1\$hnob
=042  \\$anorbibl
=044  \\$cus
=082  74$a839.823$qNO-OsNB$25/nor
=100  1\$aFossum, Karin$d1954-$0(NO-TrBIB)90608300
=245  10$aWhen the devil holds the candle$cKarin Fossum ; translated from the Norwegian by Felicity David
=246  1\$aDjevelen holder lyset$iOriginaltittel
=260  \\$aOrlando, Fla.$bHarcourt$c2007
=300  \\$a273 s.
=490  1\$aA Harvest book
=490  1\$aAn Inspector Sejer mystery
=500  \\$aS. [261]-273: første kapittel av Fossums neste roman i denne serien, "The Indian bride"
=655  \7$aRomaner$0(uri)https://id.nb.no/vocabulary/ntsf/258$2ntsf
=700  1\$aDavid, Felicity$4trl
=800  1\$aFossum, Karin$tAn Inspector Sejer mystery$d1954-
=830  \2$aA Harvest book
=852  8\$b0030100$cg00005$hNA/A 2007:5783
=856  42$3Forlagets beskrivelse (lang)$uhttps://contents.bibs.aws.unit.no/?isbn=0156032120
=856  42$3Forlagets beskrivelse (lang)$uhttps://contents.bibs.aws.unit.no/?isbn=9780156032124
=856  42$3Omslagsbilde$uhttps://contents.bibs.aws.unit.no/files/images/large/4/2/9780156032124.jpg$qimage/jpeg
=859  \\$a0030100$bg00005$cNA/A 2007:5783$f0$h0$x2015-10-31
=876  \\$a07ga50824$d20070828$jkat$p07ga50824$r07ga50824$wBOOK$xKiP$z(h.) (Til bruk på NB Oslos lesesal)
=901  \\$a90
=913  \\$aNorbok$bNB
=960  \\$an$9LOCAL
=997  \\$an$9LOCAL

