=LDR  01355cam a2200421 c 4500
=001  990711966254702202
=005  20230531164602.0
=007  ta
=008  110826s2007\\\\xx#|||||||||||000|f|dut|\
=014  1\$a071196625$b(NO-TrBIB)
=015  \\$a0712280$2nbf
=020  \\$a9789078980056$qh.
=035  \\$a(EXLNZ-47BIBSYS_NETWORK)990711966254702201
=035  \\$a(NO-TrBIB)071196625
=035  \\$a071196625-47bibsys_network
=035  \\$a07ga50827-47bibsys_nb
=040  \\$aNO-OsNB$bnob$ekatreg
=041  1\$hnob
=042  \\$anorbibl
=044  \\$cbe
=082  74$a839.823$qNO-OsNB$25/nor
=100  1\$aFossum, Karin$d1954-$0(NO-TrBIB)90608300
=245  10$aKijk niet achterom$cKarin Fossum
=246  1\$aSe deg ikke tilbake!$iOriginaltittel
=260  \\$a[Diegem]$bSanoma Magazines$c2007
=300  \\$a282 s.
=490  1\$aLibelle bibliotheek$v3
=500  \\$aOversatt av: Annemarie Smit
=655  \7$aRomaner$0(uri)https://id.nb.no/vocabulary/ntsf/258$2ntsf
=700  1\$aSmit, Annemarie$4trl
=830  \0$aLibelle bibliotheek$v3
=852  8\$b0030100$cg00005$hNA/A 2007:5784
=859  \\$a0030100$bg00005$cNA/A 2007:5784$f0$h0$x2015-10-31
=876  \\$a07ga50827$d20070828$jkat$p07ga50827$r07ga50827$wBOOK$xHe$z(h.) (Til bruk på NB Oslos lesesal)
=901  \\$a90
=913  \\$aNorbok$bNB
=960  \\$an$9LOCAL
=997  \\$an$9LOCAL

