=LDR  01336cam a2200409 c 4500
=001  990712093524702202
=005  20230531164614.0
=007  ta
=008  131008s2007\\\\xx#|||||||||||000|f|bul|\
=014  1\$a071209352$b(NO-TrBIB)
=015  \\$a0712340$2nbf
=020  \\$a9789543571307$qh.
=035  \\$a(EXLNZ-47BIBSYS_NETWORK)990712093524702201
=035  \\$a(NO-TrBIB)071209352
=035  \\$a071209352-47bibsys_network
=035  \\$a07ga50962-47bibsys_nb
=040  \\$aNO-OsNB$bnob$ekatreg
=041  1\$hnob
=042  \\$anorbibl
=044  \\$cbg
=082  74$a839.823$qNO-OsNB$25/nor
=100  1\$aFossum, Karin$d1954-$0(NO-TrBIB)90608300
=245  10$aOkoto na Eva$cKarin Fosum ; prevela ot norvežki Valentina Ibrišimova
=246  1\$aEvas øye$iOriginaltittel
=260  \\$aSofija$bEMAS$c2007
=300  \\$a271 s.
=490  1\$aKriminale$v[1]
=655  \7$aRomaner$0(uri)https://id.nb.no/vocabulary/ntsf/258$2ntsf
=700  1\$aIbrišimova, Valentina$4trl$0(NO-TrBIB)13055840
=830  \0$aKriminale$v[1]
=852  8\$b0030100$cg00005$hNA/A 2007:5769
=859  \\$a0030100$bg00005$cNA/A 2007:5769$f0$h0$x2015-10-31
=876  \\$a07ga50962$d20070830$jkat$p07ga50962$r07ga50962$wBOOK$xKiP$z(h.) (Til bruk på NB Oslos lesesal)
=901  \\$a90
=913  \\$aNorbok$bNB
=960  \\$an$9LOCAL
=997  \\$an$9LOCAL

