=LDR  01366cam a2200421 c 4500
=001  990712966974702202
=005  20230531164811.0
=007  ta
=008  110826s2007\\\\xx#|||||||||||000|f|dut|\
=014  1\$a071296697$b(NO-TrBIB)
=015  \\$a0712836$2nbf
=020  \\$a9789022320648$qh.$qManteau
=020  \\$a9789085490166$qh.$qAnthos
=035  \\$a(EXLNZ-47BIBSYS_NETWORK)990712966974702201
=035  \\$a(NO-TrBIB)071296697
=035  \\$a071296697-47bibsys_network
=035  \\$a07ga51929-47bibsys_nb
=040  \\$aNO-OsNB$bnob$ekatreg
=041  1\$hnob
=042  \\$anorbibl
=044  \\$cbe
=082  74$a839.823$qNO-OsNB$25/nor
=100  1\$aFossum, Karin$d1954-$0(NO-TrBIB)90608300
=245  10$aEva's oog$cKarin Fossum ; [vertaling: Annemarie Smit]
=246  1\$aEvas øye$iOriginaltittel
=250  \\$a2. druk
=260  \\$aAntwerpen$aAmsterdam$bManteau$bAnthos$c2007
=300  \\$a305 s.
=500  \\$a"Literaire thriller"
=655  \7$aRomaner$0(uri)https://id.nb.no/vocabulary/ntsf/258$2ntsf
=700  1\$aSmit, Annemarie$4trl
=852  8\$b0030100$cg00005$hNA/A 2007:6159
=859  \\$a0030100$bg00005$cNA/A 2007:6159$f0$h0$x2015-10-31
=876  \\$a07ga51929$d20070917$jkat$p07ga51929$r07ga51929$wBOOK$xHe$z(h.) (Til bruk på NB Oslos lesesal)
=901  \\$a90
=913  \\$aNorbok$bNB
=960  \\$an$9LOCAL
=997  \\$an$9LOCAL

