=LDR  01712cam a2200397 c 4500
=001  990713188794702202
=005  20230304201421.0
=007  ta
=008  131129s2007\\\\xx#|||||||||||000|u|nob|\
=014  1\$a071318879$b(NO-TrBIB)
=014  1\$a071318879$b(NO-TrBIB)
=035  \\$a(EXLNZ-47BIBSYS_NETWORK)990713188794702201
=035  \\$a(NO-TrBIB)071318879
=035  \\$a071318879-47bibsys_network
=035  \\$a07sa13732-47bibsys_nb
=035  \\$a80ga46865-47bibsys_nb
=040  \\$aNO-OsNB$bnob$ekatreg
=245  00$aKarin Fossum :$bBokklubben Nye bøker presenterer ...$c[redaksjon: Anja Gustavson, Kristiane Rivedal og Tuva Ørbech Sørheim]
=260  \\$a[Oslo]$bDe norske bokklubbene$c2007
=300  \\$a31 s.$bill.
=490  1\$aForfatterhefte$vnr. 1
=533  \\$aElektronisk reproduksjon$b[Norge]$cNasjonalbiblioteket Digital$d2021-04-23
=600  17$aFossum, Karin$d1954-$0(NO-TrBIB)90608300$2bare
=700  1\$aGustavson, Anja$0(NO-TrBIB)6057881
=700  1\$aRivedal, Kristiane$d1979-$0(NO-TrBIB)5026826
=700  1\$aSørheim, Tuva Ørbeck$d1971-$0(NO-TrBIB)98016099
=830  \0$aForfatterhefte$vnr. 1
=852  8\$b0030100$cg00005$hSmåtr. 1361
=852  8\$b0183334$cg00001$hd
=856  40$3$yNB Digital$uhttp://urn.nb.no/URN:NBN:no-nb_digibok_2021031048551$z
=856  41$3Fulltekst$uhttps://urn.nb.no/URN:NBN:no-nb_digibok_2021031048551$yNettbiblioteket$zDigital representasjon
=859  \\$a0030100$bg00005$cSmåtr. 1361$f0$h0$x2015-10-31
=859  \\$a0183334$bg00001$cd$f0$h0$x2015-10-31
=876  \\$a07sa13732$d20070920$jkat$p07sa13732$r07sa13732$wBOOK
=876  \\$a80ga46865$d20071116$jmini$p80ga46865$r80ga46865$wBOOK$z(h.)(Til bruk på NB Oslos lesesal)
=901  \\$a80

