=LDR  02045cam a2200469 c 4500
=001  990713597964702202
=005  20230531164908.0
=007  ta
=008  110826s2007\\\\xx#|||||||||||000|f|eng|\
=014  1\$a071359796$b(NO-TrBIB)
=015  \\$a0713277$2nbf
=020  \\$a9781846550188$qh.
=035  \\$a(EXLNZ-47BIBSYS_NETWORK)990713597964702201
=035  \\$a(NO-TrBIB)071359796
=035  \\$a071359796-47bibsys_network
=035  \\$a07ga52872-47bibsys_nb
=040  \\$aNO-OsNB$bnob$ekatreg
=041  1\$hnob
=042  \\$anorbibl
=044  \\$cgb
=082  74$a839.823$qNO-OsNB$25/nor
=100  1\$aFossum, Karin$d1954-$0(NO-TrBIB)90608300
=245  10$aBlack seconds$cKarin Fossum ; translated from the Norwegian by Charlotte Barslund
=246  1\$aSvarte sekunder$iOriginaltittel
=260  \\$aLondon$bHarvill Secker$c2007
=300  \\$a247 s.
=655  \7$aRomaner$0(uri)https://id.nb.no/vocabulary/ntsf/258$2ntsf
=700  1\$aBarslund, Charlotte$4trl
=852  8\$b0030100$cg00005$hNA/A 2007:6530
=856  42$3Forlagets beskrivelse (kort)$uhttps://contents.bibs.aws.unit.no/?isbn=1846550181
=856  42$3Forlagets beskrivelse (kort)$uhttps://contents.bibs.aws.unit.no/content/?isbn=9781846550188
=856  42$3Forlagets beskrivelse (lang)$uhttps://contents.bibs.aws.unit.no/?isbn=1846550181
=856  42$3Forlagets beskrivelse (lang)$uhttps://contents.bibs.aws.unit.no/content/?isbn=9781846550188
=856  42$3Omslagsbilde$uhttps://contents.bibs.aws.unit.no/files/images/large/8/8/9781846550188.jpg$qimage/jpeg
=856  42$3Omslagsbilde$uhttps://contents.bibs.aws.unit.no/files/images/small/8/8/9781846550188.jpg$qimage/jpeg
=856  42$3Originalt bilde$uhttps://contents.bibs.aws.unit.no/files/images/original/8/8/9781846550188.jpg$qimage/jpeg
=859  \\$a0030100$bg00005$cNA/A 2007:6530$f0$h0$x2015-10-31
=876  \\$a07ga52872$d20070928$jkat$p07ga52872$r07ga52872$wBOOK$xKiP$z(h.) (Til bruk på NB Oslos lesesal)
=901  \\$a90
=913  \\$aNorbok$bNB
=960  \\$an$9LOCAL
=997  \\$an$9LOCAL

