=LDR  01361cam a2200421 c 4500
=001  990714070224702202
=005  20230531165007.0
=007  ta
=008  110826s2007\\\\xx#|||||||||||000|f|ita|\
=014  1\$a071407022$b(NO-TrBIB)
=015  \\$a0713526$2nbf
=020  \\$a9788860611864$qh.
=035  \\$a(EXLNZ-47BIBSYS_NETWORK)990714070224702201
=035  \\$a(NO-TrBIB)071407022
=035  \\$a071407022-47bibsys_network
=035  \\$a07ga53637-47bibsys_nb
=040  \\$aNO-OsNB$bnob$ekatreg
=041  1\$hnob
=042  \\$anorbibl
=044  \\$cit
=082  74$a839.823$qNO-OsNB$25/nor
=100  1\$aFossum, Karin$d1954-$0(NO-TrBIB)90608300
=245  13$aLo sguardo di uno sconosciuto$cKarin Fossum ; [traduzione di Pierina M. Marocco]
=246  1\$aSe deg ikke tilbake!$iOriginaltittel
=250  \\$a2. ed.
=260  \\$a[Milano]$bFrassinelli$c2007
=300  \\$a303 s.
=490  1\$aNarrativa$v9
=655  \7$aRomaner$0(uri)https://id.nb.no/vocabulary/ntsf/258$2ntsf
=700  1\$aMarocco, Perina M.$4trl
=830  \0$aNarrativa$v9
=852  8\$b0030100$cg00005$hNA/A 2007:6854
=859  \\$a0030100$bg00005$cNA/A 2007:6854$f0$h0$x2015-10-31
=876  \\$a07ga53637$d20071009$jkat$p07ga53637$r07ga53637$wBOOK$xKiP$z(h.) (Til bruk på NB Oslos lesesal)
=901  \\$a90
=913  \\$aNorbok$bNB
=960  \\$an$9LOCAL
=997  \\$an$9LOCAL

