=LDR  02500cam a2200577 c 4500
=001  990716693294702202
=005  20230531165416.0
=007  cr||||||||||||
=007  ta
=008  120816s2007\\\\no#|||||\|||||000|f|nob|\
=014  1\$a071669329$b(NO-TrBIB)
=014  1\$a071669329$b(NO-TrBIB)
=015  \\$a0715312$2nbf
=020  \\$a9788202276393$qh.$cNkr 99.00
=035  \\$a(EXLNZ-47BIBSYS_NETWORK)990716693294702201
=035  \\$a(NO-TrBIB)071669329
=035  \\$a(NO-TrBIB)113695071
=035  \\$a071669329-47bibsys_network
=035  \\$a07ga59992-47bibsys_nb
=035  \\$a07sa17090-47bibsys_nb
=040  \\$aNO-OsNB$bnob$ekatreg
=042  \\$anorbibl
=044  \\$cno
=082  04$a839.82$223
=082  74$a839.823$qNO-OsNB$25/nor
=100  1\$aFossum, Karin$d1954-$0(NO-TrBIB)90608300
=245  10$aBrudd$cKarin Fossum
=260  \\$a[Oslo]$bCappelen$c2007
=300  \\$a261 s.
=490  1\$aCUB
=500  \\$a1. utg. 2006
=533  \\$aElektronisk reproduksjon$b[Norge]$cNasjonalbiblioteket Digital$d2011-06-21
=653  \\$askjønnlitteratur$alivshistorier$aidentitet$anorske$aromaner$a2000-tallet
=655  \7$aRomaner$0(uri)https://id.nb.no/vocabulary/ntsf/258$2ntsf
=830  \0$aCUB
=852  8\$b0030100$cg00005$hNA/A 2007:8297
=852  8\$b0183334$cg00001$hc
=856  40$3$yNB Digital$uhttp://urn.nb.no/URN:NBN:no-nb_digibok_2011062108032$z
=856  41$3Fulltekst$uhttps://urn.nb.no/URN:NBN:no-nb_digibok_2011062108032$yNettbiblioteket$zDigital representasjon
=856  42$3Forlagets beskrivelse (kort)$uhttps://contents.bibs.aws.unit.no/?isbn=820227639X
=856  42$3Forlagets beskrivelse (kort)$uhttps://contents.bibs.aws.unit.no/?isbn=9788202276393
=856  42$3Forlagets beskrivelse (lang)$uhttps://contents.bibs.aws.unit.no/content/?isbn=9788202276393
=856  42$3Miniatyrbilde$uhttps://contents.bibs.aws.unit.no/files/images/small/3/9/9788202276393.jpg$qimage/jpeg
=856  42$3Omslagsbilde$uhttps://contents.bibs.aws.unit.no/files/images/large/3/9/9788202276393.jpg$qimage/jpeg
=856  42$3Originalt bilde$uhttps://contents.bibs.aws.unit.no/files/images/original/3/9/9788202276393.jpg$qimage/jpeg
=859  \\$a0030100$bg00005$cNA/A 2007:8297$f0$h0$x2015-10-31
=859  \\$a0183334$bg00001$cc$f0$h0$x2015-10-31
=876  \\$a07ga59992$d20071121$jkat$p07ga59992$r07ga59992$wBOOK$z(h.) (Til bruk på NB Oslos lesesal)
=876  \\$a07sa17090$d20071115$jkat$p07sa17090$r07sa17090$wBOOK
=901  \\$a90
=913  \\$aNorbok$bNB

