=LDR  01385cam a2200409 c 4500
=001  990718006624702202
=005  20230531165626.0
=007  ta
=008  110826s2008\\\\xx#|||||||||||000|f|ger|\
=014  1\$a071800662$b(NO-TrBIB)
=015  \\$a0809302$2nbf
=020  \\$a9783492048071$qib.
=035  \\$a(EXLNZ-47BIBSYS_NETWORK)990718006624702201
=035  \\$a(NO-TrBIB)071800662
=035  \\$a071800662-47bibsys_network
=035  \\$a07ga62002-47bibsys_nb
=040  \\$aNO-OsNB$bnob$ekatreg
=041  1\$hnob
=042  \\$anorbibl
=044  \\$cde
=082  74$a839.823$qNO-OsNB$25/nor
=100  1\$aFossum, Karin$d1954-$0(NO-TrBIB)90608300
=245  10$aWer anders liebt :$bKriminalroman$cKarin Fossum ; aus dem Norwegischen von Gabriele Haefs
=246  1\$aDen som elsker noe annet$iOriginaltittel
=260  \\$aMünchen$bPiper$cc2008
=300  \\$a248 s.
=490  1\$aPiper Nordiska
=655  \7$aRomaner$0(uri)https://id.nb.no/vocabulary/ntsf/258$2ntsf
=700  1\$aHaefs, Gabriele$4trl
=830  \0$aPiper Nordiska
=852  8\$b0030100$cg00005$hNA/A 2008:3068
=859  \\$a0030100$bg00005$cNA/A 2008:3068$f0$h0$x2015-10-31
=876  \\$a07ga62002$d20080422$jkat$p07ga62002$r07ga62002$wBOOK$xUtkommer mars 08. KiP/Gave fra Cappelen$z(ib.) (Til bruk på NB Oslos lesesal)
=901  \\$a90
=913  \\$aNorbok$bNB
=960  \\$an$9LOCAL
=997  \\$an$9LOCAL

