=LDR  02367cim a2200529 c 4500
=001  990800007974702202
=005  20230323095642.0
=007  sd\f||||||||||
=008  150730s2007\\\\no#||||\|||||||f#|||nob|\
=014  1\$a080000797$b(NO-TrBIB)
=014  1\$a080000797$b(NO-TrBIB)
=015  \\$a0805826$2nbf
=020  \\$a9788202282592$cNkr 149.00
=035  \\$a(EXLNZ-47BIBSYS_NETWORK)990800007974702201
=035  \\$a(NO-TrBIB)080000797
=035  \\$a080000797-47bibsys_network
=035  \\$a08ga03957-47bibsys_nb
=035  \\$a08sa00017-47bibsys_nb
=040  \\$aNO-OsNB$bnob$ekatreg
=042  \\$anorbibl
=044  \\$cno
=082  74$a839.823$qNO-OsNB$25/nor
=100  1\$aFossum, Karin$d1954-$0(NO-TrBIB)90608300
=245  10$aDrapet på Harriet Krohn$cKarin Fossum$h[lydopptak]
=260  \\$a[Oslo]$bCappelen$c2007
=300  \\$a1 plate (CD-MP3) (8 t, 2 min)$bdigital$c12 cm, i omslag
=490  1\$aLommelydbok
=500  \\$a1. lydbokutg. 2004
=500  \\$aLest av Nils Ole Oftebro
=653  \\$anorske$alydbøker$akriminalromaner$athrillere
=700  1\$aOftebro, Nils Ole$d1944-$emedarb.$0(NO-TrBIB)90605327
=830  \0$aLommelydbok
=852  8\$b0030100$cg00005$hqSmåtr. 1717
=852  8\$b0183334$cg00001$hd KZ 2008 0188
=856  42$3Forlagets beskrivelse (kort)$uhttps://contents.bibs.aws.unit.no/?isbn=8202282594
=856  42$3Forlagets beskrivelse (kort)$uhttps://contents.bibs.aws.unit.no/?isbn=9788202282592
=856  42$3Forlagets beskrivelse (lang)$uhttps://contents.bibs.aws.unit.no/content/?isbn=9788202282592
=856  42$3Lydfil$uhttps://contents.bibs.aws.unit.no/files/audio/mp3/2/9/9788202282592.mp3$qaudio/mpeg
=856  42$3Miniatyrbilde$uhttps://contents.bibs.aws.unit.no/files/images/small/2/9/9788202282592.jpg$qimage/jpeg
=856  42$3Omslagsbilde$uhttps://contents.bibs.aws.unit.no/files/images/large/2/9/9788202282592.jpg$qimage/jpeg
=856  42$3Originalt bilde$uhttps://contents.bibs.aws.unit.no/files/images/original/2/9/9788202282592.jpg$qimage/jpeg
=859  \\$a0030100$bg00005$cqSmåtr. 1717$f0$h0$x2015-10-31
=859  \\$a0183334$bg00001$cd KZ 2008 0188$f0$h0$x2015-10-31
=876  \\$a08ga03957$d20080220$jkat$p08ga03957$r08ga03957$wCD$z(CD-plate)(Til bruk på NB Oslos lesesal)
=876  \\$a08sa00017$d20080102$jkat$p08sa00017$r08sa00017$wCD
=901  \\$a90
=913  \\$aNorbok$bNB

