=LDR  02354cim a2200529 c 4500
=001  990800008784702202
=005  20230228095712.0
=007  sd\f||||||||||
=008  110826muuuu2006no#||||\|||||||f#|||nob|\
=014  1\$a080000878$b(NO-TrBIB)
=014  1\$a080000878$b(NO-TrBIB)
=015  \\$a0805813$2nbf
=020  \\$a9788202282608$cNkr 149.00
=035  \\$a(EXLNZ-47BIBSYS_NETWORK)990800008784702201
=035  \\$a(NO-TrBIB)080000878
=035  \\$a080000878-47bibsys_network
=035  \\$a08ga03978-47bibsys_nb
=035  \\$a08sa00019-47bibsys_nb
=040  \\$aNO-OsNB$bnob$ekatreg
=042  \\$anorbibl
=044  \\$cno
=082  74$a839.823$qNO-OsNB$25/nor
=100  1\$aFossum, Karin$d1954-$0(NO-TrBIB)90608300
=245  10$aBrudd$cKarin Fossum$h[lydopptak]
=260  \\$a[Oslo]$bCappelen$c2006 [i.e. 2007]
=300  \\$a1 plate (CD-MP3) (7 t, 52 min)$bdigital$c12 cm, i omslag
=490  1\$aLommelydbok
=500  \\$a1. lydbokutg. 2006
=500  \\$aLest av Gisken Armand
=653  \\$anorske$alydbøker$akriminalromaner$athrillere
=700  1\$aArmand, Gisken$d1962-$emedarb.$0(NO-TrBIB)98012201
=830  \0$aLommelydbok
=852  8\$b0030100$cg00005$hqSmåtr. 1717
=852  8\$b0183334$cg00001$hd KZ 2008 0190
=856  42$3Forlagets beskrivelse (kort)$uhttps://contents.bibs.aws.unit.no/?isbn=8202282608
=856  42$3Forlagets beskrivelse (kort)$uhttps://contents.bibs.aws.unit.no/?isbn=9788202282608
=856  42$3Forlagets beskrivelse (lang)$uhttps://contents.bibs.aws.unit.no/content/?isbn=9788202282608
=856  42$3Lydfil$uhttps://contents.bibs.aws.unit.no/files/audio/mp3/8/0/9788202282608.mp3$qaudio/mpeg
=856  42$3Omslagsbilde$uhttps://contents.bibs.aws.unit.no/files/images/large/8/0/9788202282608.jpg$qimage/jpeg
=856  42$3Omslagsbilde$uhttps://contents.bibs.aws.unit.no/files/images/small/8/0/9788202282608.jpg$qimage/jpeg
=856  42$3Originalt bilde$uhttps://contents.bibs.aws.unit.no/files/images/original/8/0/9788202282608.jpg$qimage/jpeg
=859  \\$a0030100$bg00005$cqSmåtr. 1717$f0$h0$x2015-10-31
=859  \\$a0183334$bg00001$cd KZ 2008 0190$f0$h0$x2015-10-31
=876  \\$a08ga03978$d20080220$jkat$p08ga03978$r08ga03978$wCD$z(CD-plate)(Til bruk på NB Oslos lesesal)
=876  \\$a08sa00019$d20080102$jkat$p08sa00019$r08sa00019$wCD
=901  \\$a90
=913  \\$aNorbok$bNB

