=LDR  01268cam a2200385 c 4500
=001  990801350214702202
=005  20230531170046.0
=007  ta
=008  110826s2007\\\\xx#|||||||||||000|f|rus|\
=014  1\$a080135021$b(NO-TrBIB)
=015  \\$a0806244$2nbf
=020  \\$a9785986950310$qib.
=035  \\$a(EXLNZ-47BIBSYS_NETWORK)990801350214702201
=035  \\$a(NO-TrBIB)080135021
=035  \\$a080135021-47bibsys_network
=035  \\$a08ga02011-47bibsys_nb
=040  \\$aNO-OsNB$bnob$ekatreg
=041  1\$hnob
=042  \\$anorbibl
=044  \\$cru
=082  74$a839.823$qNO-OsNB$25/nor
=100  1\$aFossum, Karin$d1954-$0(NO-TrBIB)90608300
=245  10$aGlaz Ėvy$cKarin Fossum ; perevod s norve#zskogo Tat'jany Arro
=246  1\$aEvas øye$iOriginaltittel
=260  \\$aMoskva$bIzdatel'stvo Ol'gi Morozovoj$c2007
=300  \\$a446 s.
=655  \7$aRomaner$0(uri)https://id.nb.no/vocabulary/ntsf/258$2ntsf
=700  1\$aArro, Tat'jana$4trl
=852  8\$b0030100$cg00005$hNA/A 2008:845
=859  \\$a0030100$bg00005$cNA/A 2008:845$f0$h0$x2015-10-31
=876  \\$a08ga02011$d20080129$jkat$p08ga02011$r08ga02011$wBOOK$xKiP/Norla$z(ib.) (Til bruk på NB Oslos lesesal)
=901  \\$a90
=913  \\$aNorbok$bNB
=960  \\$an$9LOCAL
=997  \\$an$9LOCAL

