=LDR  01296cam a2200409 c 4500
=001  990801940284702202
=005  20230531170137.0
=007  ta
=008  110826s2008\\\\xx#|||||||||||000|f|swe|\
=014  1\$a080194028$b(NO-TrBIB)
=015  \\$a0807749$2nbf
=020  \\$a9789170015656$qh.
=035  \\$a(EXLNZ-47BIBSYS_NETWORK)990801940284702201
=035  \\$a(NO-TrBIB)080194028
=035  \\$a080194028-47bibsys_network
=035  \\$a08ga06242-47bibsys_nb
=040  \\$aNO-OsNB$bnob$ekatreg
=041  1\$hnob
=042  \\$anorbibl
=044  \\$cse
=082  74$a839.823$qNO-OsNB$25/nor
=100  1\$aFossum, Karin$d1954-$0(NO-TrBIB)90608300
=245  10$aBrott$cKarin Fossum ; översättning av Ulf Örnkloo
=246  1\$aBrudd$iOriginaltittel
=260  \\$aStockholm$bMånpocket$c2008
=300  \\$a274 s.
=490  1\$aMånpocket
=655  \7$aRomaner$0(uri)https://id.nb.no/vocabulary/ntsf/258$2ntsf
=700  1\$aÖrnkloo, Ulf$4trl
=830  \0$aMånpocket
=852  8\$b0030100$cg00005$hNA/A 2008:1826
=859  \\$a0030100$bg00005$cNA/A 2008:1826$f0$h0$x2015-10-31
=876  \\$a08ga06242$d20080317$jkat$p08ga06242$r08ga06242$wBOOK$xKiP, Cappelen$z(h.) (Til bruk på NB Oslos lesesal)
=901  \\$a90
=913  \\$aNorbok$bNB
=960  \\$an$9LOCAL
=997  \\$an$9LOCAL

