=LDR  01415cam a2200421 c 4500
=001  990801944604702202
=005  20230531170138.0
=007  ta
=008  110826s2008\\\\xx#|||||||||||000|f|swe|\
=014  1\$a08019446x$b(NO-TrBIB)
=015  \\$a0808037$2nbf
=020  \\$a9789137132990$qh.
=035  \\$a(EXLNZ-47BIBSYS_NETWORK)990801944604702201
=035  \\$a(NO-TrBIB)08019446x
=035  \\$a08019446x-47bibsys_network
=035  \\$a08ga02776-47bibsys_nb
=040  \\$aNO-OsNB$bnob$ekatreg
=041  1\$hnob
=042  \\$anorbibl
=044  \\$cse
=082  74$a839.823$qNO-OsNB$25/nor
=100  1\$aFossum, Karin$d1954-$0(NO-TrBIB)90608300
=245  10$aNär djävulen håller ljuset$cKarin Fossum ; översättning Helena och Ulf Örnkloo
=246  1\$aDjevelen holder lyset$iOriginaltittel
=260  \\$aStockholm$bForum$c2008
=300  \\$a220 s.
=490  1\$aEn Konrad Sejer-deckare
=655  \7$aRomaner$0(uri)https://id.nb.no/vocabulary/ntsf/258$2ntsf
=700  1\$aÖrnkloo, Helena$4trl
=700  1\$aÖrnkloo, Ulf$4trl
=800  1\$aFossum, Karin$tEn Konrad Sejer-deckare$d1954-
=852  8\$b0030100$cg00005$hNA/A 2008:1849
=859  \\$a0030100$bg00005$cNA/A 2008:1849$f0$h0$x2015-10-31
=876  \\$a08ga02776$d20080401$jkat$p08ga02776$r08ga02776$wBOOK$xKiP$z(h.) (Til bruk på NB Oslos lesesal)
=901  \\$a90
=913  \\$aNorbok$bNB
=960  \\$an$9LOCAL
=997  \\$an$9LOCAL

