=LDR  01486cam a2200433 c 4500
=001  990801945404702202
=005  20230531170139.0
=007  ta
=008  110826s2008\\\\xx#|||||||||||000|f|swe|\
=014  1\$a080194540$b(NO-TrBIB)
=015  \\$a0807645$2nbf
=020  \\$a9789137132297$qib.
=035  \\$a(EXLNZ-47BIBSYS_NETWORK)990801945404702201
=035  \\$a(NO-TrBIB)080194540
=035  \\$a080194540-47bibsys_network
=035  \\$a08ga06243-47bibsys_nb
=040  \\$aNO-OsNB$bnob$ekatreg
=041  1\$hnob
=042  \\$anorbibl
=044  \\$cse
=082  74$a839.823$qNO-OsNB$25/nor
=100  1\$aFossum, Karin$d1954-$0(NO-TrBIB)90608300
=245  10$aDen som älskar något annat$cKarin Fossum ; översättning: Ulf Örnkloo och Helena Örnkloo
=246  1\$aDen som elsker noe annet$iOriginaltittel
=260  \\$aStockholm$bForum$c2008
=300  \\$a223 s.
=490  1\$a[En Konrad Sejer-deckare]
=500  \\$aSerietittel fra løst omslag
=655  \7$aRomaner$0(uri)https://id.nb.no/vocabulary/ntsf/258$2ntsf
=700  1\$aÖrnkloo, Helena$4trl
=700  1\$aÖrnkloo, Ulf$4trl
=800  1\$aFossum, Karin$tEn Konrad Sejer-deckare$d1954-
=852  8\$b0030100$cg00005$hNA/A 2008:1715
=859  \\$a0030100$bg00005$cNA/A 2008:1715$f0$h0$x2015-10-31
=876  \\$a08ga06243$d20080317$jkat$p08ga06243$r08ga06243$wBOOK$xKiP, Cappelen$z(ib.) (Til bruk på NB Oslos lesesal)
=901  \\$a90
=913  \\$aNorbok$bNB
=960  \\$an$9LOCAL
=997  \\$an$9LOCAL

