=LDR  01415cam a2200421 c 4500
=001  990804341774702202
=005  20230531170535.0
=007  ta
=008  110826s2008\\\\xx#|||||||||||000|f|spa|\
=014  1\$a080434177$b(NO-TrBIB)
=015  \\$a0807744$2nbf
=020  \\$a9788439720744$qh.
=035  \\$a(EXLNZ-47BIBSYS_NETWORK)990804341774702201
=035  \\$a(NO-TrBIB)080434177
=035  \\$a080434177-47bibsys_network
=035  \\$a08ga06238-47bibsys_nb
=040  \\$aNO-OsNB$bnob$ekatreg
=041  1\$hnob
=042  \\$anorbibl
=044  \\$ces
=082  74$a839.823$qNO-OsNB$25/nor
=100  1\$aFossum, Karin$d1954-$0(NO-TrBIB)90608300
=245  14$aUna mujer en tu camino$cKarin Fossum ; traducción de Kirsti Baggethun y Asunción Lorenzo
=246  1\$aElskede Poona$iOriginaltittel
=260  \\$aBarcelona$bMondadori$c2008
=300  \\$a306 s.
=490  1\$aLiteratura Mondadori$v350
=655  \7$aRomaner$0(uri)https://id.nb.no/vocabulary/ntsf/258$2ntsf
=700  1\$aBaggethun, Kirsti$4trl
=700  1\$aLorenzo, Asunción$4trl
=830  \0$aLiteratura Mondadori$v350
=852  8\$b0030100$cg00005$hNA/A 2008:1824
=859  \\$a0030100$bg00005$cNA/A 2008:1824$f0$h0$x2015-10-31
=876  \\$a08ga06238$d20080317$jkat$p08ga06238$r08ga06238$wBOOK$xKiP, Cappelen$z(h.) (Til bruk på NB Oslos lesesal)
=901  \\$a90
=913  \\$aNorbok$bNB
=960  \\$an$9LOCAL
=997  \\$an$9LOCAL

