=LDR  01336cam a2200409 c 4500
=001  990804342904702202
=005  20230531170536.0
=007  ta
=008  110826s2008\\\\xx#|||||||||||000|f|est|\
=014  1\$a080434290$b(NO-TrBIB)
=015  \\$a0807741$2nbf
=020  \\$a9789985656419$qh.
=035  \\$a(EXLNZ-47BIBSYS_NETWORK)990804342904702201
=035  \\$a(NO-TrBIB)080434290
=035  \\$a080434290-47bibsys_network
=035  \\$a08ga06241-47bibsys_nb
=040  \\$aNO-OsNB$bnob$ekatreg
=041  1\$hnob
=042  \\$anorbibl
=044  \\$cee
=082  74$a839.823$qNO-OsNB$25/nor
=100  1\$aFossum, Karin$d1954-$0(NO-TrBIB)90608300
=245  10$aArmastatud Poona :$bkriminaalromaan$cKarin Fossum ; norra keelest tõlkinud Maris Kuuda
=246  1\$aElskede Poona$iOriginaltittel
=260  \\$aTallinn$bEesti Raamat$c2008
=300  \\$a239 s.
=490  1\$aMirabilia
=655  \7$aRomaner$0(uri)https://id.nb.no/vocabulary/ntsf/258$2ntsf
=700  1\$aKuuda, Maris$4trl
=830  \0$aMirabilia
=852  8\$b0030100$cg00005$hNA/A 2008:1822
=859  \\$a0030100$bg00005$cNA/A 2008:1822$f0$h0$x2015-10-31
=876  \\$a08ga06241$d20080317$jkat$p08ga06241$r08ga06241$wBOOK$xKiP, Cappelen$z(h.) (Til bruk på NB Oslos lesesal)
=901  \\$a90
=913  \\$aNorbok$bNB
=960  \\$an$9LOCAL
=997  \\$an$9LOCAL

