=LDR  01416cam a2200421 c 4500
=001  990804345094702202
=005  20230531170536.0
=007  ta
=008  110826s2008\\\\xx#|||||||||||000|f|ger|\
=014  1\$a080434509$b(NO-TrBIB)
=015  \\$a0807649$2nbf
=020  \\$a9783492251600$qh.
=035  \\$a(EXLNZ-47BIBSYS_NETWORK)990804345094702201
=035  \\$a(NO-TrBIB)080434509
=035  \\$a080434509-47bibsys_network
=035  \\$a08ga06244-47bibsys_nb
=040  \\$aNO-OsNB$bnob$ekatreg
=041  1\$hnob
=042  \\$anorbibl
=044  \\$cde
=082  74$a839.823$qNO-OsNB$25/nor
=100  1\$aFossum, Karin$d1954-$0(NO-TrBIB)90608300
=245  14$aDer Mord an Harriet Krohn :$bKriminalroman$cKarin Fossum ; aus dem Norwegischen von Gabriele Haefs
=246  1\$aDrapet på Harriet Krohn$iOriginaltittel
=250  \\$aUngekürzte Taschenbuchausg.
=260  \\$aMünchen$bPiper$c2008
=300  \\$a269 s.
=490  1\$aSerie Piper$v5160
=655  \7$aRomaner$0(uri)https://id.nb.no/vocabulary/ntsf/258$2ntsf
=700  1\$aHaefs, Gabriele$4trl
=830  \0$aSerie Piper$v5160
=852  8\$b0030100$cg00005$hNA/A 2008:1717
=859  \\$a0030100$bg00005$cNA/A 2008:1717$f0$h0$x2015-10-31
=876  \\$a08ga06244$d20080317$jkat$p08ga06244$r08ga06244$wBOOK$xKiP, Cappelen$z(h.) (Til bruk på NB Oslos lesesal)
=901  \\$a90
=913  \\$aNorbok$bNB
=960  \\$an$9LOCAL
=997  \\$an$9LOCAL

