=LDR  01304cam a2200409 c 4500
=001  990804350504702202
=005  20230531170538.0
=007  ta
=008  110826s2007\\\\xx#|||||||||||000|f|fin|\
=014  1\$a08043505x$b(NO-TrBIB)
=015  \\$a0807639$2nbf
=020  \\$a9789524718578$qh.
=035  \\$a(EXLNZ-47BIBSYS_NETWORK)990804350504702201
=035  \\$a(NO-TrBIB)08043505x
=035  \\$a08043505x-47bibsys_network
=035  \\$a08ga06251-47bibsys_nb
=040  \\$aNO-OsNB$bnob$ekatreg
=041  1\$hnob
=042  \\$anorbibl
=044  \\$cfi
=082  74$a839.823$qNO-OsNB$25/nor
=100  1\$aFossum, Karin$d1954-$0(NO-TrBIB)90608300
=245  10$aHullujenhuone$cKarin Fossum ; suomentanut Arvi Tamminen
=246  1\$aDe gales hus$iOriginaltittel
=260  \\$aHelsinki$bLike$c2007
=300  \\$a394 s.
=490  1\$aLike pokkari
=655  \7$aRomaner$0(uri)https://id.nb.no/vocabulary/ntsf/258$2ntsf
=700  1\$aTamminen, Arvi$4trl
=830  \0$aLike pokkari
=852  8\$b0030100$cg00005$hNA/A 2008:1713
=859  \\$a0030100$bg00005$cNA/A 2008:1713$f0$h0$x2015-10-31
=876  \\$a08ga06251$d20080317$jkat$p08ga06251$r08ga06251$wBOOK$xKiP  Cappelen$z(h.) (Til bruk på NB Oslos lesesal)
=901  \\$a90
=913  \\$aNorbok$bNB
=960  \\$an$9LOCAL
=997  \\$an$9LOCAL

