=LDR  01361cam a2200409 c 4500
=001  990804351064702202
=005  20230531170538.0
=007  ta
=008  110826s2007\\\\xx#|||||||||||000|f|dut|\
=014  1\$a080435106$b(NO-TrBIB)
=015  \\$a0807637$2nbf
=020  \\$a9789046304013$qib.
=035  \\$a(EXLNZ-47BIBSYS_NETWORK)990804351064702201
=035  \\$a(NO-TrBIB)080435106
=035  \\$a080435106-47bibsys_network
=035  \\$a08ga06252-47bibsys_nb
=040  \\$aNO-OsNB$bnob$ekatreg
=041  1\$hnob
=042  \\$anorbibl
=044  \\$cnl
=082  74$a839.823$qNO-OsNB$25/nor
=100  1\$aFossum, Karin$d1954-$0(NO-TrBIB)90608300
=245  10$aDe nacht van vier november$cKarin Fossum ; [vertaling: Annemarie Smit]
=246  1\$aNatt til fjerde november$iOriginaltittel
=260  \\$aDen Haag$bStichting Uitgeverij XL$c2007
=300  \\$a243 s.
=490  1\$aXL$vboeknr. 1383
=655  \7$aRomaner$0(uri)https://id.nb.no/vocabulary/ntsf/258$2ntsf
=700  1\$aSmit, Annemarie$4trl
=830  \0$aXL$vboeknr. 1383
=852  8\$b0030100$cg00005$hNA/A 2008:1712
=859  \\$a0030100$bg00005$cNA/A 2008:1712$f0$h0$x2015-10-31
=876  \\$a08ga06252$d20080317$jkat$p08ga06252$r08ga06252$wBOOK$xKiP. Cappelen$z(ib.) (Til bruk på NB Oslos lesesal)
=901  \\$a90
=913  \\$aNorbok$bNB
=960  \\$an$9LOCAL
=997  \\$an$9LOCAL

