=LDR  02024cam a2200469 c 4500
=001  990806471114702202
=005  20240104063009.0
=007  ta
=008  110826s2008\\\\xx#|||||||||||000|f|eng|\
=014  1\$a080647111$b(NO-TrBIB)
=015  \\$a0808961$2nbf
=020  \\$a9780099501725$qh.
=035  \\$a(EXLNZ-47BIBSYS_NETWORK)990806471114702201
=035  \\$a(NO-TrBIB)080647111
=035  \\$a080647111-47bibsys_network
=035  \\$a08ga10127-47bibsys_nb
=040  \\$aNO-OsNB$bnob$ekatreg
=041  1\$hnob
=042  \\$anorbibl
=044  \\$cgb
=082  74$a839.823$qNO-OsNB$25/nor
=100  1\$aFossum, Karin$d1954-$0(NO-TrBIB)90608300
=245  10$aBlack seconds$cKarin Fossum ; translated from the Norwegian by Charlotte Barslund
=246  1\$aSvarte sekunder$iOriginaltittel
=260  \\$aLondon$bVintage$c2008
=300  \\$a345 s.
=655  \7$aRomaner$0(uri)https://id.nb.no/vocabulary/ntsf/258$2ntsf
=700  1\$aBarslund, Charlotte$4trl
=852  8\$b0030100$cg00005$hNA/A 2008:2567
=856  42$3Forlagets beskrivelse (kort)$uhttps://contents.bibs.aws.unit.no/?isbn=0099501724
=856  42$3Forlagets beskrivelse (kort)$uhttps://contents.bibs.aws.unit.no/content/?isbn=9780099501725
=856  42$3Forlagets beskrivelse (lang)$uhttps://contents.bibs.aws.unit.no/?isbn=0099501724
=856  42$3Forlagets beskrivelse (lang)$uhttps://contents.bibs.aws.unit.no/?isbn=9780099501725
=856  42$3Forlagets beskrivelse (lang)$uhttps://contents.bibs.aws.unit.no/content/?isbn=9780099501725
=856  42$3Omslagsbilde$uhttps://contents.bibs.aws.unit.no/files/images/large/5/2/9780099501725.jpg$qimage/jpeg
=856  42$3Omslagsbilde$uhttps://contents.bibs.aws.unit.no/files/images/small/5/2/9780099501725.jpg$qimage/jpeg
=859  \\$a0030100$bg00005$cNA/A 2008:2567$f0$h0$x2015-10-31
=876  \\$a08ga10127$d20080422$jkat$p08ga10127$r08ga10127$wBOOK$xKiP/Cappelen$z(h.) (Til bruk på NB Oslos lesesal)
=901  \\$a90
=913  \\$aNorbok$bNB
=960  \\$an$9LOCAL
=997  \\$an$9LOCAL

