=LDR  01257cam a2200373 c 4500
=001  990806542584702202
=005  20230531170846.0
=007  ta
=008  110826s2008\\\\xx#|||||||||||000|f|dut|\
=014  1\$a080654258$b(NO-TrBIB)
=020  \\$a9789022322383$qh.
=035  \\$a(EXLNZ-47BIBSYS_NETWORK)990806542584702201
=035  \\$a(NO-TrBIB)080654258
=035  \\$a080654258-47bibsys_network
=035  \\$a08ga11030-47bibsys_nb
=040  \\$aNO-OsNB$bnob$ekatreg
=041  1\$hnob
=042  \\$anorbibl
=044  \\$cnl
=082  74$a839.823$qNO-OsNB$25/nor
=100  1\$aFossum, Karin$d1954-$0(NO-TrBIB)90608300
=245  10$aHet huis der dwazen$cKarin Fossum ; vertaald door Annemarie Smit
=246  1\$aDe gales hus$iOriginaltittel
=260  \\$aAntwerpen$bManteau$ccop. 2008
=300  \\$a444 s.
=655  \7$aRomaner$0(uri)https://id.nb.no/vocabulary/ntsf/258$2ntsf
=700  1\$aSmit, Annemarie$4trl
=852  8\$b0030100$cg00005$hNA/A 2008:2734
=859  \\$a0030100$bg00005$cNA/A 2008:2734$f0$h0$x2015-10-31
=876  \\$a08ga11030$d20080423$jkat$p08ga11030$r08ga11030$wBOOK$xKiP/Cappelen. Et eksemplar mottatt$z(h.) (Til bruk på NB Oslos lesesal)
=901  \\$a90
=913  \\$aNorbok$bNB
=960  \\$an$9LOCAL
=997  \\$an$9LOCAL

