=LDR  01301cam a2200385 c 4500
=001  990806788904702202
=005  20230531170927.0
=007  ta
=008  110826s2008\\\\xx#|||||||||||000|f|fin|\
=014  1\$a080678890$b(NO-TrBIB)
=015  \\$a0811493$2nbf
=020  \\$a9789510340882$qib.
=035  \\$a(EXLNZ-47BIBSYS_NETWORK)990806788904702201
=035  \\$a(NO-TrBIB)080678890
=035  \\$a080678890-47bibsys_network
=035  \\$a08ga11631-47bibsys_nb
=040  \\$aNO-OsNB$bnob$ekatreg
=041  1\$hnob
=042  \\$anorbibl
=044  \\$cfi
=082  74$a839.823$qNO-OsNB$25/nor
=100  1\$aFossum, Karin$d1954-$0(NO-TrBIB)90608300
=245  10$aToisenlainen rakkaus$cKarin Fossum ; suomentanut Tarja Teva
=246  1\$aDen som elsker noe annet$iOriginaltittel
=260  \\$aHelsinki$bJohnny Kniga$c2008
=300  \\$a300 s.
=655  \7$aRomaner$0(uri)https://id.nb.no/vocabulary/ntsf/258$2ntsf
=700  1\$aTeva, Tarja$4trl
=852  8\$b0030100$cg00005$hNA/A 2008:4159
=859  \\$a0030100$bg00005$cNA/A 2008:4159$f0$h0$x2015-10-31
=876  \\$a08ga11631$d20080728$jkat$p08ga11631$r08ga11631$wBOOK$xKiP  1 eks mott fra Cappelen/Damm, sendt Rana$z(ib.) (Til bruk på NB Oslos lesesal)
=901  \\$a90
=913  \\$aNorbok$bNB
=960  \\$an$9LOCAL
=997  \\$an$9LOCAL

