=LDR  01367cam a2200409 c 4500
=001  990807019734702202
=005  20230531170958.0
=007  ta
=008  110826s2008\\\\xx#|||||||||||000|f|ita|\
=014  1\$a080701973$b(NO-TrBIB)
=015  \\$a0809446$2nbf
=020  \\$a9788876848568$qh.
=035  \\$a(EXLNZ-47BIBSYS_NETWORK)990807019734702201
=035  \\$a(NO-TrBIB)080701973
=035  \\$a080701973-47bibsys_network
=035  \\$a08ga12157-47bibsys_nb
=040  \\$aNO-OsNB$bnob$ekatreg
=041  1\$hnob
=042  \\$anorbibl
=044  \\$cit
=082  74$a839.823$qNO-OsNB$25/nor
=100  1\$aFossum, Karin$d1954-$0(NO-TrBIB)90608300
=245  13$aIl bambino nel bosco$cKarin Fossum ; traduzione di Margherita Podestà Heir
=246  1\$aDen som elsker noe annet$iOriginaltittel
=260  \\$a[Milano]$bFrassinelli$c2008
=300  \\$a248 s.
=490  1\$aNarrativa
=655  \7$aRomaner$0(uri)https://id.nb.no/vocabulary/ntsf/258$2ntsf
=700  1\$aHeir, Margherita Podestà$4trl
=830  \0$aNarrativa
=852  8\$b0030100$cg00005$hNA/A 2008:2892
=859  \\$a0030100$bg00005$cNA/A 2008:2892$f0$h0$x2015-10-31
=876  \\$a08ga12157$d20080505$jkat$p08ga12157$r08ga12157$wBOOK$xKiP/Cappelen. Kun et eks mottatt$z(h.) (Til bruk på NB Oslos lesesal)
=901  \\$a90
=913  \\$aNorbok$bNB
=960  \\$an$9LOCAL
=997  \\$an$9LOCAL

