=LDR  01314cam a2200385 c 4500
=001  990807020154702202
=005  20230531170958.0
=007  ta
=008  110826s2008\\\\xx#|||||||||||000|f|fre|\
=014  1\$a080702015$b(NO-TrBIB)
=015  \\$a0809447$2nbf
=020  \\$a9782709629454$qh.
=035  \\$a(EXLNZ-47BIBSYS_NETWORK)990807020154702201
=035  \\$a(NO-TrBIB)080702015
=035  \\$a080702015-47bibsys_network
=035  \\$a08ga12158-47bibsys_nb
=040  \\$aNO-OsNB$bnob$ekatreg
=041  1\$hnob
=042  \\$anorbibl
=044  \\$cfr
=082  74$a839.823$qNO-OsNB$25/nor
=100  1\$aFossum, Karin$d1954-$0(NO-TrBIB)90608300
=245  10$aSecondes noires :$broman$cKarin Fossum ; traduit du norvégien par Jean-Baptiste Coursaud
=246  1\$aSvarte sekunder$iOriginaltittel
=260  \\$aParis$bJC Lattès$c2008
=300  \\$a310 s.
=655  \7$aRomaner$0(uri)https://id.nb.no/vocabulary/ntsf/258$2ntsf
=700  1\$aCoursaud, Jean-Baptiste$4trl
=852  8\$b0030100$cg00005$hNA/A 2008:2893
=859  \\$a0030100$bg00005$cNA/A 2008:2893$f0$h0$x2015-10-31
=876  \\$a08ga12158$d20080505$jkat$p08ga12158$r08ga12158$wBOOK$xKiP/Cappelen. Kun et eks mottatt$z(h.) (Til bruk på NB Oslos lesesal)
=901  \\$a90
=913  \\$aNorbok$bNB
=960  \\$an$9LOCAL
=997  \\$an$9LOCAL

