=LDR  02487cam a2200553 c 4500
=001  990807123474702202
=005  20230531171013.0
=007  cr||||||||||||
=007  ta
=008  150121s2008\\\\no#|||||\|||||000|f|nob|\
=014  1\$a080712347$b(NO-TrBIB)
=014  1\$a080712347$b(NO-TrBIB)
=015  \\$a0809294$2nbf
=020  \\$a9788202282363$qh.$cNkr 99.00
=035  \\$a(EXLNZ-47BIBSYS_NETWORK)990807123474702201
=035  \\$a(NO-TrBIB)080712347
=035  \\$a(NO-TrBIB)15009289x
=035  \\$a080712347-47bibsys_network
=035  \\$a08ga12289-47bibsys_nb
=035  \\$a08sa06571-47bibsys_nb
=040  \\$aNO-OsNB$bnob$ekatreg
=042  \\$anorbibl
=044  \\$cno
=082  04$a839.82$223
=082  74$a839.823$qNO-OsNB$25/nor
=100  1\$aFossum, Karin$d1954-$0(NO-TrBIB)90608300
=245  10$aDen som elsker noe annet :$bkriminalroman$cKarin Fossum
=260  \\$a[Oslo]$bCappelen Damm$c2008
=300  \\$a226 s.
=500  \\$a1. utg. Oslo : Cappelen, 2007
=533  \\$aElektronisk reproduksjon$b[Norge]$cNasjonalbiblioteket Digital$d2014-12-01
=653  \\$anorsk$aromaner$a2000-tallet$akrim$aspenning
=655  \7$aRomaner$0(uri)https://id.nb.no/vocabulary/ntsf/258$2ntsf
=852  8\$b0030100$cg00005$hNA/A 2008:3331
=852  8\$b0183334$cg00001$hc
=856  40$3$yNB Digital$uhttp://urn.nb.no/URN:NBN:no-nb_digibok_2014120108127$z
=856  41$3Fulltekst$uhttps://urn.nb.no/URN:NBN:no-nb_digibok_2014120108127$yNettbiblioteket$zDigital representasjon
=856  42$3Forlagets beskrivelse (kort)$uhttps://contents.bibs.aws.unit.no/?isbn=8202282365
=856  42$3Forlagets beskrivelse (kort)$uhttps://contents.bibs.aws.unit.no/?isbn=9788202282363
=856  42$3Forlagets beskrivelse (lang)$uhttps://contents.bibs.aws.unit.no/content/?isbn=9788202282363
=856  42$3Miniatyrbilde$uhttps://contents.bibs.aws.unit.no/files/images/small/3/6/9788202282363.jpg$qimage/jpeg
=856  42$3Omslagsbilde$uhttps://contents.bibs.aws.unit.no/files/images/large/3/6/9788202282363.jpg$qimage/jpeg
=856  42$3Originalt bilde$uhttps://contents.bibs.aws.unit.no/files/images/original/3/6/9788202282363.jpg$qimage/jpeg
=859  \\$a0030100$bg00005$cNA/A 2008:3331$f0$h0$x2015-10-31
=859  \\$a0183334$bg00001$cc$f0$h0$x2015-10-31
=876  \\$a08ga12289$d20080506$jkat$p08ga12289$r08ga12289$wBOOK$z(h.)(Til bruk på NB Oslos lesesal)
=876  \\$a08sa06571$d20080506$jkat$p08sa06571$r08sa06571$wBOOK
=901  \\$a90
=913  \\$aNorbok$bNB

