=LDR  02250cim a2200493 c 4500
=001  990807717264702202
=005  20230307145902.0
=007  sd\f||||||||||
=008  110826s2008\\\\no#||||\|||||||f#|||nob|\
=014  1\$a080771726$b(NO-TrBIB)
=014  1\$a080771726$b(NO-TrBIB)
=015  \\$a0809994$2nbf
=020  \\$a9788202286552$cNkr 99.00
=035  \\$a(EXLNZ-47BIBSYS_NETWORK)990807717264702201
=035  \\$a(NO-TrBIB)080771726
=035  \\$a080771726-47bibsys_network
=035  \\$a08ga13214-47bibsys_nb
=035  \\$a08sa07289-47bibsys_nb
=040  \\$aNO-OsNB$bnob$ekatreg
=042  \\$anorbibl
=044  \\$cno
=082  74$a839.823$qNO-OsNB$25/nor
=100  1\$aFossum, Karin$d1954-$0(NO-TrBIB)90608300
=245  10$aSe deg ikke tilbake!$cKarin Fossum$h[lydopptak]
=260  \\$aOslo$bCappelen Damm$c2008
=300  \\$a1 plate (MP3-CD) (8 t, 25 min)$bdigital$c12 cm, i omslag
=500  \\$a1. lydbokutg. Billingstad : Fono, 1996
=500  \\$aLest av Trini Lund
=700  1\$aLund, Trini$d1951-$emedarb.$0(NO-TrBIB)98025238
=852  8\$b0030100$cg00005$hqSmåtr. 1820
=852  8\$b0183334$cg00001$hd KZ 2008 0839
=856  42$3Forlagets beskrivelse (kort)$uhttps://contents.bibs.aws.unit.no/?isbn=8202286557
=856  42$3Forlagets beskrivelse (kort)$uhttps://contents.bibs.aws.unit.no/?isbn=9788202286552
=856  42$3Forlagets beskrivelse (lang)$uhttps://contents.bibs.aws.unit.no/content/?isbn=9788202286552
=856  42$3Lydfil$uhttps://contents.bibs.aws.unit.no/files/audio/mp3/2/5/9788202286552.mp3$qaudio/mpeg
=856  42$3Miniatyrbilde$uhttps://contents.bibs.aws.unit.no/files/images/small/2/5/9788202286552.jpg$qimage/jpeg
=856  42$3Omslagsbilde$uhttps://contents.bibs.aws.unit.no/files/images/large/2/5/9788202286552.jpg$qimage/jpeg
=856  42$3Originalt bilde$uhttps://contents.bibs.aws.unit.no/files/images/original/2/5/9788202286552.jpg$qimage/jpeg
=859  \\$a0030100$bg00005$cqSmåtr. 1820$f0$h0$x2015-10-31
=859  \\$a0183334$bg00001$cd KZ 2008 0839$f0$h0$x2015-10-31
=876  \\$a08ga13214$d20080520$jkat$p08ga13214$r08ga13214$wCD$z(h.)(Til bruk på NB Oslos lesesal)
=876  \\$a08sa07289$d20080520$jkat$p08sa07289$r08sa07289$wCD
=901  \\$a90
=913  \\$aNorbok$bNB

