=LDR  01952cam a2200457 c 4500
=001  990808153084702202
=005  20230531171157.0
=007  ta
=008  110826s2008\\\\xx#|||||||||||000|f|eng|\
=014  1\$a080815308$b(NO-TrBIB)
=015  \\$a0809832$2nbf
=020  \\$a9781846552113$qib.
=035  \\$a(EXLNZ-47BIBSYS_NETWORK)990808153084702201
=035  \\$a(NO-TrBIB)080815308
=035  \\$a080815308-47bibsys_network
=035  \\$a08ga13961-47bibsys_nb
=040  \\$aNO-OsNB$bnob$ekatreg
=041  1\$hnob
=042  \\$anorbibl
=044  \\$cgb
=082  74$a839.823$qNO-OsNB$25/nor
=100  1\$aFossum, Karin$d1954-$0(NO-TrBIB)90608300
=245  10$aBroken$cKarin Fossum ; translated from the Norwegian by Charlotte Barslund
=246  1\$aBrudd$iOriginaltittel
=260  \\$aLondon$bHarvill Secker$c2008
=300  \\$a264 s.
=655  \7$aRomaner$0(uri)https://id.nb.no/vocabulary/ntsf/258$2ntsf
=700  1\$aBarslund, Charlotte$4trl
=852  8\$b0030100$cg00005$hNA/A 2008:3494
=856  42$3Forlagets beskrivelse (kort)$uhttps://contents.bibs.aws.unit.no/?isbn=1846552117
=856  42$3Forlagets beskrivelse (kort)$uhttps://contents.bibs.aws.unit.no/?isbn=9781846552113
=856  42$3Forlagets beskrivelse (lang)$uhttps://contents.bibs.aws.unit.no/?isbn=1846552117
=856  42$3Forlagets beskrivelse (lang)$uhttps://contents.bibs.aws.unit.no/content/?isbn=9781846552113
=856  42$3Omslagsbilde$uhttps://contents.bibs.aws.unit.no/files/images/large/3/1/9781846552113.jpg$qimage/jpeg
=856  42$3Omslagsbilde$uhttps://contents.bibs.aws.unit.no/files/images/small/3/1/9781846552113.jpg$qimage/jpeg
=859  \\$a0030100$bg00005$cNA/A 2008:3494$f0$h0$x2015-10-31
=876  \\$a08ga13961$d20080528$jkat$p08ga13961$r08ga13961$wBOOK$xKiP. Et eks mott fra Cappelen 1 eks fra Norla sendt Rana$z(ib.) (Til bruk på NB Oslos lesesal)
=901  \\$a90
=913  \\$aNorbok$bNB
=960  \\$an$9LOCAL
=997  \\$an$9LOCAL

