=LDR  01328cam a2200409 c 4500
=001  990808154644702202
=005  20230531171158.0
=007  ta
=008  110826s2008\\\\xx#|||||||||||000|f|est|\
=014  1\$a080815464$b(NO-TrBIB)
=015  \\$a0809830$2nbf
=020  \\$a9789985656624$qh.
=035  \\$a(EXLNZ-47BIBSYS_NETWORK)990808154644702201
=035  \\$a(NO-TrBIB)080815464
=035  \\$a080815464-47bibsys_network
=035  \\$a08ga13963-47bibsys_nb
=040  \\$aNO-OsNB$bnob$ekatreg
=041  1\$hnob
=042  \\$anorbibl
=044  \\$cee
=082  74$a839.823$qNO-OsNB$25/nor
=100  1\$aFossum, Karin$d1954-$0(NO-TrBIB)90608300
=245  10$aMurdekoht$cKarin Fossum ; norra kelest tõlkinud Sigrid Tooming
=246  1\$aBrudd$iOriginaltittel
=260  \\$aTallinn$bEesti Raamat$ccop. 2008
=300  \\$a222 s.
=490  1\$aMirabilia
=655  \7$aRomaner$0(uri)https://id.nb.no/vocabulary/ntsf/258$2ntsf
=700  1\$aTooming, Sigrid$4trl
=830  \0$aMirabilia
=852  8\$b0030100$cg00005$hNA/A 2008:3492
=859  \\$a0030100$bg00005$cNA/A 2008:3492$f0$h0$x2015-10-31
=876  \\$a08ga13963$d20080528$jkat$p08ga13963$r08ga13963$wBOOK$xKiP. Et eks mott fra Cappelen$z(h.) (Til bruk på NB Oslos lesesal)
=901  \\$a90
=913  \\$aNorbok$bNB
=960  \\$an$9LOCAL
=997  \\$an$9LOCAL

