=LDR  02313cim a2200517 c 4500
=001  990808807204702202
=005  20230323095702.0
=007  sd\f||||||||||
=008  110826s2008\\\\no#||||\|||||||f#|||nob|\
=014  1\$a08088072x$b(NO-TrBIB)
=014  1\$a08088072x$b(NO-TrBIB)
=015  \\$a0810627$2nbf
=020  \\$a9788202286545$cNkr 149.00
=035  \\$a(EXLNZ-47BIBSYS_NETWORK)990808807204702201
=035  \\$a(NO-TrBIB)08088072x
=035  \\$a08088072x-47bibsys_network
=035  \\$a08ga15408-47bibsys_nb
=035  \\$a08sa08151-47bibsys_nb
=040  \\$aNO-OsNB$bnob$ekatreg
=042  \\$anorbibl
=044  \\$cno
=082  74$a839.823$qNO-OsNB$25/nor
=100  1\$aFossum, Karin$d1954-$0(NO-TrBIB)90608300
=245  10$aElskede Poona$cKarin Fossum$h[lydopptak]
=260  \\$a[Oslo]$bCappelen Damm$c2008
=300  \\$a1 plate (CD-MP3) (9 t, 5 min)$bdigital$c12 cm, i omslag
=490  1\$aLommelydbok
=500  \\$a1. lydbokutg. Billingstad : Fono forl., 2000
=500  \\$aLest av: Trini Lund
=700  1\$aLund, Trini$d1951-$emedarb.$0(NO-TrBIB)98025238
=830  \0$aLommelydbok
=852  8\$b0030100$cg00005$hSmåtr. 1379
=852  8\$b0183334$cg00001$hd KZ 2008 0944
=856  42$3Forlagets beskrivelse (kort)$uhttps://contents.bibs.aws.unit.no/?isbn=8202286549
=856  42$3Forlagets beskrivelse (kort)$uhttps://contents.bibs.aws.unit.no/?isbn=9788202286545
=856  42$3Forlagets beskrivelse (lang)$uhttps://contents.bibs.aws.unit.no/content/?isbn=9788202286545
=856  42$3Lydfil$uhttps://contents.bibs.aws.unit.no/files/audio/mp3/5/4/9788202286545.mp3$qaudio/mpeg
=856  42$3Miniatyrbilde$uhttps://contents.bibs.aws.unit.no/files/images/small/5/4/9788202286545.jpg$qimage/jpeg
=856  42$3Omslagsbilde$uhttps://contents.bibs.aws.unit.no/files/images/large/5/4/9788202286545.jpg$qimage/jpeg
=856  42$3Originalt bilde$uhttps://contents.bibs.aws.unit.no/files/images/original/5/4/9788202286545.jpg$qimage/jpeg
=859  \\$a0030100$bg00005$cSmåtr. 1379$f0$h0$x2015-10-31
=859  \\$a0183334$bg00001$cd KZ 2008 0944$f0$h0$x2015-10-31
=876  \\$a08ga15408$d20080609$jkat$p08ga15408$r08ga15408$wCD$z(CD-plate) (Til bruk på NB Oslos lesesal)
=876  \\$a08sa08151$d20080609$jkat$p08sa08151$r08sa08151$wCD
=901  \\$a90
=913  \\$aNorbok$bNB

