=LDR  02478cim a2200541 c 4500
=001  990808812034702202
=005  20230303083258.0
=007  sd\f||||||||||
=008  110826s2008\\\\no#||||\|||||||f#|||nob|\
=014  1\$a080881203$b(NO-TrBIB)
=014  1\$a080881203$b(NO-TrBIB)
=015  \\$a0810942$2nbf
=020  \\$a9788202286538$cNkr 149.00
=035  \\$a(EXLNZ-47BIBSYS_NETWORK)990808812034702201
=035  \\$a(NO-TrBIB)080881203
=035  \\$a080881203-47bibsys_network
=035  \\$a08ga15417-47bibsys_nb
=035  \\$a08sa08156-47bibsys_nb
=040  \\$aNO-OsNB$bnob$ekatreg
=042  \\$anorbibl
=044  \\$cno
=082  74$a839.823$qNO-OsNB$25/nor
=100  1\$aFossum, Karin$d1954-$0(NO-TrBIB)90608300
=245  10$aDen som elsker noe annet$cKarin Fossum$h[lydopptak]
=260  \\$a[Oslo]$bCappelen Damm$c2008
=300  \\$a1 plate (CD-MP3) (7 t, 25 min)$bdigital$c12 cm, i omslag
=490  1\$aLommelydbok
=500  \\$a1. lydbokutg. Oslo : Cappelen, 2007
=500  \\$aLest av Nils Ole Oftebro
=653  \\$aSkjønnlitteratur$akrim
=700  1\$aOftebro, Nils Ole$d1944-$emedarb.$0(NO-TrBIB)90605327
=830  \0$aLommelydbok
=852  8\$b0030100$cg00005$hqSmåtr. 1839
=852  8\$b0183334$cg00001$hd KZ 2008 0945
=856  42$3Forlagets beskrivelse (kort)$uhttps://contents.bibs.aws.unit.no/?isbn=8202286530
=856  42$3Forlagets beskrivelse (kort)$uhttps://contents.bibs.aws.unit.no/?isbn=9788202286538
=856  42$3Forlagets beskrivelse (lang)$uhttps://contents.bibs.aws.unit.no/?isbn=9788202286538
=856  42$3Lydfil$uhttps://contents.bibs.aws.unit.no/files/audio/mp3/8/3/9788202286538.mp3$qaudio/mpeg
=856  42$3Miniatyrbilde$uhttps://contents.bibs.aws.unit.no/files/images/small/8/3/9788202286538.jpg$qimage/jpeg
=856  42$3Omslagsbilde$uhttps://contents.bibs.aws.unit.no/files/images/large/8/3/9788202286538.jpg$qimage/jpeg
=856  42$3Omslagsbilde$uhttps://contents.bibs.aws.unit.no/files/images/small/8/3/9788202286538.jpg$qimage/jpeg
=856  42$3Originalt bilde$uhttps://contents.bibs.aws.unit.no/files/images/original/8/3/9788202286538.jpg$qimage/jpeg
=859  \\$a0030100$bg00005$cqSmåtr. 1839$f0$h0$x2015-10-31
=859  \\$a0183334$bg00001$cd KZ 2008 0945$f0$h0$x2015-10-31
=876  \\$a08ga15417$d20080609$jkat$p08ga15417$r08ga15417$wCD$z(CD-plate) (Til bruk på NB Oslos lesesal)
=876  \\$a08sa08156$d20080609$jkat$p08sa08156$r08sa08156$wCD
=901  \\$a90
=913  \\$aNorbok$bNB

