=LDR  02551cam a2200577 c 4500
=001  990809713004702202
=005  20230531171405.0
=007  cr||||||||||||
=007  ta
=008  140916s2008\\\\no\|||||\|||||000|f|nob|\
=014  1\$a08097130x$b(NO-TrBIB)
=014  1\$a08097130x$b(NO-TrBIB)
=015  \\$a0810898$2nbf
=020  \\$a9788202287306$qh.$cNkr 99.00
=035  \\$a(EXLNZ-47BIBSYS_NETWORK)990809713004702201
=035  \\$a(NO-TrBIB)08097130x
=035  \\$a(NO-TrBIB)143415352
=035  \\$a08097130x-47bibsys_network
=035  \\$a08ga18043-47bibsys_nb
=035  \\$a08sa09028-47bibsys_nb
=040  \\$aNO-OsNB$bnob$ekatreg
=042  \\$anorbibl
=044  \\$cno
=060  \4$aWM 401
=082  74$a839.823$qNO-OsNB$25/nor
=100  1\$aFossum, Karin$d1954-$0(NO-TrBIB)90608300
=245  10$aDe gales hus$cKarin Fossum
=260  \\$a[Oslo]$bCappelen Damm$c2008
=300  \\$a371 s.
=500  \\$a1. utg. Oslo : Cappelen, 1999
=533  \\$aElektronisk reproduksjon$b[Norge]$cNasjonalbiblioteket Digital$d2014-07-29
=650  \2$aPsychiatry$0(DNLM)D011570
=650  \2$aSuicide$0(DNLM)D013405
=653  \\$aakuttpsykiatri$aselvmord$apsykiske$aproblemer$akriseterapi
=655  \7$aRomaner$0(uri)https://id.nb.no/vocabulary/ntsf/258$2ntsf
=852  8\$b0030100$cg00005$hNA/A 2008:4161
=852  8\$b0183334$cg00001$hc
=856  40$3$yNB Digital$uhttp://urn.nb.no/URN:NBN:no-nb_digibok_2014072906038$z
=856  41$3Fulltekst$uhttps://urn.nb.no/URN:NBN:no-nb_digibok_2014072906038$yNettbiblioteket$zDigital representasjon
=856  42$3Forlagets beskrivelse (kort)$uhttps://contents.bibs.aws.unit.no/?isbn=8202287308
=856  42$3Forlagets beskrivelse (kort)$uhttps://contents.bibs.aws.unit.no/?isbn=9788202287306
=856  42$3Forlagets beskrivelse (lang)$uhttps://contents.bibs.aws.unit.no/content/?isbn=9788202287306
=856  42$3Miniatyrbilde$uhttps://contents.bibs.aws.unit.no/files/images/small/6/0/9788202287306.jpg$qimage/jpeg
=856  42$3Omslagsbilde$uhttps://contents.bibs.aws.unit.no/files/images/large/6/0/9788202287306.jpg$qimage/jpeg
=856  42$3Originalt bilde$uhttps://contents.bibs.aws.unit.no/files/images/original/6/0/9788202287306.jpg$qimage/jpeg
=859  \\$a0030100$bg00005$cNA/A 2008:4161$f0$h0$x2015-10-31
=859  \\$a0183334$bg00001$cc$f0$h0$x2015-10-31
=876  \\$a08ga18043$d20080625$jkat$p08ga18043$r08ga18043$wBOOK$z(h.) (Til bruk på NB Oslos lesesal)
=876  \\$a08sa09028$d20080625$jkat$p08sa09028$r08sa09028$wBOOK
=901  \\$a90
=913  \\$aNorbok$bNB

