=LDR  01358cam a2200397 c 4500
=001  990814419914702202
=005  20230531171856.0
=007  ta
=008  110826s2008\\\\xx#|||||||||||000|f|rus|\
=014  1\$a081441991$b(NO-TrBIB)
=015  \\$a0812474$2nbf
=020  \\$a5986950240$qib.
=020  \\$a9785986950242$qib.
=035  \\$a(EXLNZ-47BIBSYS_NETWORK)990814419914702201
=035  \\$a(NO-TrBIB)081441991
=035  \\$a081441991-47bibsys_network
=035  \\$a08ga22592-47bibsys_nb
=040  \\$aNO-OsNB$bnob$ekatreg
=041  1\$hnob
=042  \\$anorbibl
=044  \\$cru
=082  74$a839.823$qNO-OsNB$25/nor
=100  1\$aFossum, Karin$d1954-$0(NO-TrBIB)90608300
=245  10$aNe ogljadyvajsja!$cKarin Fossum ; perevod s norvežskogo Very Ščelkinoj
=246  1\$aSe deg ikke tilbake!$iOriginaltittel
=260  \\$aMoskva$bIzdatel'stvo Ol'gi Morozovoj$c2008
=300  \\$a429 s.
=655  \7$aRomaner$0(uri)https://id.nb.no/vocabulary/ntsf/258$2ntsf
=700  1\$aŠčelkina, Vera$4trl
=852  8\$b0030100$cg00005$hNA/A 2008:5119
=859  \\$a0030100$bg00005$cNA/A 2008:5119$f0$h0$x2015-10-31
=876  \\$a08ga22592$d20080826$jkat$p08ga22592$r08ga22592$wBOOK$xNorla, 1 eks mott/KiP 1 ekstra sendt Rana$z(ib.) (Til bruk på NB Oslos lesesal)
=901  \\$a90
=913  \\$aNorbok$bNB
=960  \\$an$9LOCAL
=997  \\$an$9LOCAL

