=LDR  01646cam a2200421 c 4500
=001  990823956324702202
=005  20230531172100.0
=007  ta
=008  110826s2007\\\\xx#|||||||||||000|f|eng|\
=014  1\$a082395632$b(NO-TrBIB)
=015  \\$a0813062$2nbf
=020  \\$a9780151015276$qib.
=035  \\$a(EXLNZ-47BIBSYS_NETWORK)990823956324702201
=035  \\$a(NO-TrBIB)082395632
=035  \\$a082395632-47bibsys_network
=035  \\$a08ga24985-47bibsys_nb
=040  \\$aNO-OsNB$bnob$ekatreg
=041  1\$hnob
=042  \\$anorbibl
=044  \\$cus
=082  74$a839.823$qNO-OsNB$25/nor
=100  1\$aFossum, Karin$d1954-$0(NO-TrBIB)90608300
=245  10$aBlack seconds$cKarin Fossum ; translated from the Norwegian by Charlotte Barslund
=246  1\$aSvarte sekunder$iOriginaltittel
=260  \\$aOrlando, Fla.$bHarcourt$ccop. 2007
=300  \\$a266 s.
=500  \\$aUndertittel på løst omslag: An inspector Sejer mystery
=655  \7$aRomaner$0(uri)https://id.nb.no/vocabulary/ntsf/258$2ntsf
=700  1\$aBarslund, Charlotte$4trl
=852  8\$b0030100$cg00005$hNA/A 2008:5637
=856  42$3Miniatyrbilde$uhttps://contents.bibs.aws.unit.no/files/images/small/6/7/9780151015276.jpg$qimage/jpeg
=856  42$3Omslagsbilde$uhttps://contents.bibs.aws.unit.no/files/images/large/6/7/9780151015276.jpg$qimage/jpeg
=859  \\$a0030100$bg00005$cNA/A 2008:5637$f0$h0$x2015-10-31
=876  \\$a08ga24985$d20080915$jkat$p08ga24985$r08ga24985$wBOOK$xKiP. Et eks mott fra CappelenDamm 1 eks til, sendt Rana$z(ib.) (Til bruk på NB Oslos lesesal)
=901  \\$a90
=913  \\$aNorbok$bNB
=960  \\$an$9LOCAL
=997  \\$an$9LOCAL

