=LDR  01435cam a2200433 c 4500
=001  990823996704702202
=005  20230531172119.0
=007  ta
=008  110826s2005\\\\xx#|||||||||||000|f|ger|\
=014  1\$a082399670$b(NO-TrBIB)
=015  \\$a0906906$2nbf
=020  \\$a3492238572$qh.
=020  \\$a9783492238571$qh.
=035  \\$a(EXLNZ-47BIBSYS_NETWORK)990823996704702201
=035  \\$a(NO-TrBIB)082399670
=035  \\$a082399670-47bibsys_network
=035  \\$a08ga25142-47bibsys_nb
=040  \\$aNO-OsNB$bnob$ekatreg
=041  1\$hnob
=042  \\$anorbibl
=044  \\$cde
=082  74$a839.823$qNO-OsNB$25/nor
=100  1\$aFossum, Karin$d1954-$0(NO-TrBIB)90608300
=245  10$aWer hat Angst vorm bösen Wolf :$bRoman$cKarin Fossum ; aus dem Norwegischen von Gabriele Haefs
=246  1\$aDen som frykter ulven$iOriginaltittel
=250  \\$aTaschenbuchsonderausg., 3. Aufl.
=260  \\$aMünchen$bPiper$c2005
=300  \\$a319 s.
=490  1\$aSerie Piper$v3857
=655  \7$aRomaner$0(uri)https://id.nb.no/vocabulary/ntsf/258$2ntsf
=700  1\$aHaefs, Gabriele$4trl
=830  \0$aSerie Piper$v3857
=852  8\$b0030100$cg00005$hNA/A 2009:1281
=859  \\$a0030100$bg00005$cNA/A 2009:1281$f0$h0$x2015-10-31
=876  \\$a08ga25142$d20090219$jkat$p08ga25142$r08ga25142$wBOOK$xKiP$z(h.) (Til bruk på NB Oslos lesesal)
=901  \\$a90
=913  \\$aNorbok$bNB
=960  \\$an$9LOCAL
=997  \\$an$9LOCAL

