=LDR  03018cam a2200673 c 4500
=001  990824130454702202
=005  20230531172134.0
=007  ta
=008  150826s2008\\\\no\\\\\e\|||||00||f|nob|\
=014  1\$a082413045$b(NO-TrBIB)
=014  1\$a082413045$b(NO-TrBIB)
=015  \\$a0813658$2nbf
=020  \\$a978-82-02-28854-9$qib.$cNkr 349.00$qCappelen
=020  \\$a978-82-525-6953-7$qib.$qBokklubben
=035  \\$a(EXLNZ-47BIBSYS_NETWORK)990824130454702201
=035  \\$a(NO-TrBIB)082413045
=035  \\$a082413045-47bibsys_network
=035  \\$a08ga25845-47bibsys_nb
=035  \\$a08sa13282-47bibsys_nb
=040  \\$aNO-OsNB$bnob$ekatreg
=042  \\$anorbibl
=044  \\$cno
=080  \\$a839.6
=082  04$a839.82$223
=082  74$a839.823$qNO-OsNB$25/nor
=084  \\$aS 4b$2oosk
=100  1\$aFossum, Karin$d1954-$0(NO-TrBIB)90608300
=245  14$aDen onde viljen$cKarin Fossum
=260  \\$a[Oslo]$bCappelen Damm$c2008
=300  \\$a191 s.
=533  \\$aElektronisk reproduksjon$b[Norge]$cNasjonalbiblioteket Digital$d2014-05-05
=651  \4$aØstlandet
=653  \\$akrim$aspenning$anorske$aromaner$a2000-tallet$askjønnlitteraturkriminalromaner
=655  \4$aKriminal
=655  \7$aRomaner$0(uri)https://id.nb.no/vocabulary/ntsf/258$2ntsf
=767  0\$tBad intentions$w991306055144702201$z978-0-547-73741-6
=767  0\$tBöser Wille$w991105079594702201$z978-3-492-27188-2
=767  0\$tBöser Wille$w999920487658602201$z978-3-492-50140-8
=767  0\$tCattive intenzioni$w991212562354702201$z978-88-200-5202-7
=767  0\$tMalas intenciones$w999921723066002201$z978-84-663-4965-9
=776  0\$tDen onde viljen$w991334898684702201
=852  8\$b0030100$cg00005$hNA/A 2008:6248
=852  8\$b0183334$cg00001$hb
=856  40$3$yNB Digital$uhttp://urn.nb.no/URN:NBN:no-nb_digibok_2014050505046$z
=856  41$3Fulltekst$uhttps://urn.nb.no/URN:NBN:no-nb_digibok_2014050505046$yNettbiblioteket$zDigital representasjon
=856  42$3Forlagets beskrivelse (kort)$uhttps://contents.bibs.aws.unit.no/?isbn=8202288541
=856  42$3Forlagets beskrivelse (kort)$uhttps://contents.bibs.aws.unit.no/?isbn=9788202288549
=856  42$3Forlagets beskrivelse (lang)$uhttps://contents.bibs.aws.unit.no/content/?isbn=9788202288549
=856  42$3Miniatyrbilde$uhttps://contents.bibs.aws.unit.no/files/images/small/9/4/9788202288549.jpg$qimage/jpeg
=856  42$3Omslagsbilde$uhttps://contents.bibs.aws.unit.no/files/images/large/9/4/9788202288549.jpg$qimage/jpeg
=856  42$3Originalt bilde$uhttps://contents.bibs.aws.unit.no/files/images/original/9/4/9788202288549.jpg$qimage/jpeg
=859  \\$a0030100$bg00005$cNA/A 2008:6248$f0$h0$x2015-10-31
=859  \\$a0183334$bg00001$cb$f0$h0$x2015-10-31
=876  \\$a08ga25845$d20080922$jkat$p08ga25845$r08ga25845$wBOOK$z(ib.)(Til bruk på NB Oslos lesesal)
=876  \\$a08sa13282$d20080922$jkat$p08sa13282$r08sa13282$wBOOK
=901  \\$a90
=913  \\$aKulturfond$bNB
=913  \\$aNorbok$bNB
=913  \\$aNORLA$bNB

