=LDR  02411cim a2200529 c 4500
=001  990824418204702202
=005  20230307145906.0
=007  sd\f||||||||||
=008  110826s2008\\\\no#||||\|||||||f#|||nob|\
=014  1\$a082441820$b(NO-TrBIB)
=014  1\$a082441820$b(NO-TrBIB)
=015  \\$a0814044$2nbf
=020  \\$a9788202286729$cNkr 99.00
=035  \\$a(EXLNZ-47BIBSYS_NETWORK)990824418204702201
=035  \\$a(NO-TrBIB)082441820
=035  \\$a082441820-47bibsys_network
=035  \\$a08ga25978-47bibsys_nb
=035  \\$a08sa13357-47bibsys_nb
=040  \\$aNO-OsNB$bnob$ekatreg
=042  \\$anorbibl
=044  \\$cno
=082  74$a839.823$qNO-OsNB$25/nor
=100  1\$aFossum, Karin$d1954-$0(NO-TrBIB)90608300
=245  10$aDe gales hus$cKarin Fossum$h[lydopptak]
=260  \\$aOslo$bCappelen Damm$c2008
=300  \\$a1 plate (CD-MP3) (13 t, 38 min)$bdigital$c12 cm, i omslag
=490  1\$aLommelydbok
=500  \\$a1. lydbokutg. Billingstad, Fono forl., 1999
=500  \\$aLest av Kirsti Grundvig
=653  \\$anorske$alydbøker$aromaner$apsykiatriske$ainstitusjoner$apasienter$apsykiatri
=700  1\$aGrundvig, Kirsti$d1947-$emedarb.$0(NO-TrBIB)4058451
=830  \0$aLommelydbok
=852  8\$b0030100$cg00005$hSmåtr. 1549
=852  8\$b0183334$cg00001$hd KZ 2008 1511
=856  42$3Forlagets beskrivelse (kort)$uhttps://contents.bibs.aws.unit.no/?isbn=8202286727
=856  42$3Forlagets beskrivelse (kort)$uhttps://contents.bibs.aws.unit.no/?isbn=9788202286729
=856  42$3Forlagets beskrivelse (lang)$uhttps://contents.bibs.aws.unit.no/content/?isbn=9788202286729
=856  42$3Lydfil$uhttps://contents.bibs.aws.unit.no/files/audio/mp3/9/2/9788202286729.mp3$qaudio/mpeg
=856  42$3Miniatyrbilde$uhttps://contents.bibs.aws.unit.no/files/images/small/9/2/9788202286729.jpg$qimage/jpeg
=856  42$3Omslagsbilde$uhttps://contents.bibs.aws.unit.no/files/images/large/9/2/9788202286729.jpg$qimage/jpeg
=856  42$3Originalt bilde$uhttps://contents.bibs.aws.unit.no/files/images/original/9/2/9788202286729.jpg$qimage/jpeg
=859  \\$a0030100$bg00005$cSmåtr. 1549$f0$h0$x2015-10-31
=859  \\$a0183334$bg00001$cd KZ 2008 1511$f0$h0$x2015-10-31
=876  \\$a08ga25978$d20080923$jkat$p08ga25978$r08ga25978$wCD$z(CD-plate)(Til bruk på NB Oslos lesesal)
=876  \\$a08sa13357$d20080923$jkat$p08sa13357$r08sa13357$wCD
=901  \\$a90
=913  \\$aNorbok$bNB

