=LDR  02238cim a2200493 c 4500
=001  990824891574702202
=005  20230323132317.0
=007  sd\f||||||||||
=008  110826s2008\\\\no#||||\|||||||f#|||nob|\
=014  1\$a082489157$b(NO-TrBIB)
=014  1\$a082489157$b(NO-TrBIB)
=015  \\$a0814154$2nbf
=020  \\$a9788202279813$cNkr 379.00
=035  \\$a(EXLNZ-47BIBSYS_NETWORK)990824891574702201
=035  \\$a(NO-TrBIB)082489157
=035  \\$a082489157-47bibsys_network
=035  \\$a08ga26756-47bibsys_nb
=035  \\$a08sa14068-47bibsys_nb
=040  \\$aNO-OsNB$bnob$ekatreg
=042  \\$anorbibl
=044  \\$cno
=080  \\$a839.6
=082  74$a839.823$qNO-OsNB$25/nor
=100  1\$aFossum, Karin$d1954-$0(NO-TrBIB)90608300
=245  14$aDen onde viljen$cKarin Fossum$h[lydopptak]
=260  \\$a[Oslo]$bCappelen Damm$c2008
=300  \\$a5 plater (CD) (6 t, 12 min)$bdigital$c12 cm, i eske
=500  \\$aLest av Nils Ole Oftebro
=700  1\$aOftebro, Nils Ole$d1944-$emedarb.$0(NO-TrBIB)90605327
=852  8\$b0030100$cg00005$hSmåtr. 1535
=852  8\$b0183334$cg00001$hd KZ 2008 1556-1560
=856  42$3Forlagets beskrivelse (kort)$uhttps://contents.bibs.aws.unit.no/?isbn=820227981X
=856  42$3Forlagets beskrivelse (kort)$uhttps://contents.bibs.aws.unit.no/?isbn=9788202279813
=856  42$3Forlagets beskrivelse (lang)$uhttps://contents.bibs.aws.unit.no/content/?isbn=9788202279813
=856  42$3Lydfil$uhttps://contents.bibs.aws.unit.no/files/audio/mp3/3/1/9788202279813.mp3$qaudio/mpeg
=856  42$3Miniatyrbilde$uhttps://contents.bibs.aws.unit.no/files/images/small/3/1/9788202279813.jpg$qimage/jpeg
=856  42$3Omslagsbilde$uhttps://contents.bibs.aws.unit.no/files/images/large/3/1/9788202279813.jpg$qimage/jpeg
=856  42$3Originalt bilde$uhttps://contents.bibs.aws.unit.no/files/images/original/3/1/9788202279813.jpg$qimage/jpeg
=859  \\$a0030100$bg00005$cSmåtr. 1535$f0$h0$x2015-10-31
=859  \\$a0183334$bg00001$cd KZ 2008 1556-1560$f0$h0$x2015-10-31
=876  \\$a08ga26756$d20081001$jkat$p08ga26756$r08ga26756$wCD$z(CD-plater) (Til bruk på NB Oslos lesesal)
=876  \\$a08sa14068$d20081001$jkat$p08sa14068$r08sa14068$wCD
=901  \\$a90
=913  \\$aNorbok$bNB

