=LDR  01277cam a2200373 c 4500
=001  990825114624702202
=005  20230531172447.0
=007  ta
=008  110826s2008\\\\xx#|||||||||||000|f|pol|\
=014  1\$a082511462$b(NO-TrBIB)
=020  \\$a9788324010257$qh.
=035  \\$a(EXLNZ-47BIBSYS_NETWORK)990825114624702201
=035  \\$a(NO-TrBIB)082511462
=035  \\$a082511462-47bibsys_network
=035  \\$a08ga27148-47bibsys_nb
=040  \\$aNO-OsNB$bnob$ekatreg
=041  1\$hnob
=042  \\$anorbibl
=044  \\$cpl
=082  74$a839.823$qNO-OsNB$25/nor
=100  1\$aFossum, Karin$d1954-$0(NO-TrBIB)90608300
=245  10$aNie ogla̢daj sie̢$cKarin Fossum ; przekład Ewa Bolińska
=246  1\$aSe deg ikke tilbake!$iOriginaltittel
=260  \\$aKraków$bZnak$c2008
=300  \\$a288 s.
=655  \7$aRomaner$0(uri)https://id.nb.no/vocabulary/ntsf/258$2ntsf
=700  1\$aBolińska, Ewa$4trl
=852  8\$b0030100$cg00005$hNA/A 2008:6226
=859  \\$a0030100$bg00005$cNA/A 2008:6226$f0$h0$x2015-10-31
=876  \\$a08ga27148$d20081006$jkat$p08ga27148$r08ga27148$wBOOK$xKiP. 1 eks mott fra CappelenDamm 1 eks fra Norla, sendt Rana$z(h.) (Til bruk på NB Oslos lesesal)
=901  \\$a90
=913  \\$aNorbok$bNB
=960  \\$an$9LOCAL
=997  \\$an$9LOCAL

