=LDR  01305cam a2200385 c 4500
=001  990825115004702202
=005  20230531172448.0
=007  ta
=008  111004s2008\\\\xx#|||||||||||000|f|srp|\
=014  1\$a082511500$b(NO-TrBIB)
=015  \\$a0813903$2nbf
=020  \\$a9788674368930$qh.
=035  \\$a(EXLNZ-47BIBSYS_NETWORK)990825115004702201
=035  \\$a(NO-TrBIB)082511500
=035  \\$a082511500-47bibsys_network
=035  \\$a08ga27150-47bibsys_nb
=040  \\$aNO-OsNB$bnob$ekatreg
=041  1\$hnob
=042  \\$anorbibl
=044  \\$crs
=082  74$a839.823$qNO-OsNB$25/nor
=100  1\$aFossum, Karin$d1954-$0(NO-TrBIB)90608300
=245  10$aNe osvrći se :$bdetektivski roman$cKarin Fosum ; preveo s norveškog Igor Solunac
=246  1\$aSe deg ikke tilbake!$iOriginaltittel
=260  \\$aBeograd$bLaguna$ccop. 2008
=300  \\$a268 s.
=655  \7$aRomaner$0(uri)https://id.nb.no/vocabulary/ntsf/258$2ntsf
=700  1\$aSolunac, Igor$4trl
=852  8\$b0030100$cg00005$hNA/A 2008:6145
=859  \\$a0030100$bg00005$cNA/A 2008:6145$f0$h0$x2015-10-31
=876  \\$a08ga27150$d20081006$jkat$p08ga27150$r08ga27150$wBOOK$xKiP. 1 eks mott fra CappelenDamm$z(h.) (Til bruk på NB Oslos lesesal)
=901  \\$a90
=913  \\$aNorbok$bNB
=960  \\$an$9LOCAL
=997  \\$an$9LOCAL

