=LDR  01359cam a2200385 c 4500
=001  990827285344702202
=005  20230531172833.0
=007  ta
=008  110826s2008\\\\xx#|||||||||||000|f|dan|\
=014  1\$a082728534$b(NO-TrBIB)
=015  \\$a0815530$2nbf
=020  \\$a9788702064667$qib.
=035  \\$a(EXLNZ-47BIBSYS_NETWORK)990827285344702201
=035  \\$a(NO-TrBIB)082728534
=035  \\$a082728534-47bibsys_network
=035  \\$a08ga30858-47bibsys_nb
=040  \\$aNO-OsNB$bnob$ekatreg
=041  1\$hnob
=042  \\$anorbibl
=044  \\$cdk
=082  74$a839.823$qNO-OsNB$25/nor
=100  1\$aFossum, Karin$d1954-$0(NO-TrBIB)90608300
=245  10$aDen som elsker noget andet :$bkriminalroman$cKarin Fossum ; på dansk ved Hanne Richardt Beck
=246  1\$aDen som elsker noe annet$iOriginaltittel
=260  \\$a[København]$bGyldendal$c2008
=300  \\$a197 s.
=655  \7$aRomaner$0(uri)https://id.nb.no/vocabulary/ntsf/258$2ntsf
=700  1\$aBeck, Hanne Richardt$4trl
=852  8\$b0030100$cg00005$hNA/A 2008:7329
=859  \\$a0030100$bg00005$cNA/A 2008:7329$f0$h0$x2015-10-31
=876  \\$a08ga30858$d20081114$jkat$p08ga30858$r08ga30858$wBOOK$xTr.N. ugefortegnelse nr.45 2008 1 eks mott fra CappelenDamm$z(ib.) (Til bruk på NB Oslos lesesal)
=901  \\$a90
=913  \\$aNorbok$bNB
=960  \\$an$9LOCAL
=997  \\$an$9LOCAL

