=LDR  01395cam a2200397 c 4500
=001  990827420734702202
=005  20230531172843.0
=007  ta
=008  110826s2008\\\\xx#|||||||||||000|f|dut|\
=014  1\$a082742073$b(NO-TrBIB)
=015  \\$a0815533$2nbf
=020  \\$a9789022322802$qh.$qBelgia
=020  \\$a9789041413994$qh.$qNederland
=035  \\$a(EXLNZ-47BIBSYS_NETWORK)990827420734702201
=035  \\$a(NO-TrBIB)082742073
=035  \\$a082742073-47bibsys_network
=035  \\$a08ga31157-47bibsys_nb
=040  \\$aNO-OsNB$bnob$ekatreg
=041  1\$hnob
=042  \\$anorbibl
=044  \\$cbe
=082  74$a839.823$qNO-OsNB$25/nor
=100  1\$aFossum, Karin$d1954-$0(NO-TrBIB)90608300
=245  10$aEen andere voorkeur$cKarin Fossum ; vertaald door Annemarie Smit
=246  1\$aDen som elsker noe annet$iOriginaltittel
=260  \\$aAntwerpen$aAmsterdam$bManteau$bAnthos$ccop. 2008
=300  \\$a233 s.
=655  \7$aRomaner$0(uri)https://id.nb.no/vocabulary/ntsf/258$2ntsf
=700  1\$aSmit, Annemarie$4trl
=852  8\$b0030100$cg00005$hNA/A 2008:7590
=859  \\$a0030100$bg00005$cNA/A 2008:7590$f0$h0$x2015-10-31
=876  \\$a08ga31157$d20081114$jkat$p08ga31157$r08ga31157$wBOOK$xKiP. 1 eks mott fra CappelenDamm 1 eks fra Norla sendt Rana$z(h.) (Til bruk på NB Oslos lesesal)
=901  \\$a90
=913  \\$aNorbok$bNB
=960  \\$an$9LOCAL
=997  \\$an$9LOCAL

