=LDR  01383cam a2200409 c 4500
=001  990827447774702202
=005  20230531172848.0
=007  ta
=008  110826s2008\\\\xx#|||||||||||000|f|pol|\
=014  1\$a082744777$b(NO-TrBIB)
=015  \\$a0815634$2nbf
=020  \\$a9788324010394$qh.
=035  \\$a(EXLNZ-47BIBSYS_NETWORK)990827447774702201
=035  \\$a(NO-TrBIB)082744777
=035  \\$a082744777-47bibsys_network
=035  \\$a08ga31195-47bibsys_nb
=040  \\$aNO-OsNB$bnob$ekatreg
=041  1\$hnob
=042  \\$anorbibl
=044  \\$cpl
=082  74$a839.823$qNO-OsNB$25/nor
=100  1\$aFossum, Karin$d1954-$0(NO-TrBIB)90608300
=245  10$aKto sie̢ boi dzikiej bestii$cKarin Fossum ; przekład Rafał Śmietana
=246  1\$aDen som frykter ulven$iOriginaltittel
=260  \\$aKraków$bZnak$c2008
=300  \\$a262 s.
=500  \\$aOversatt etter: He who fears the wolf
=655  \7$aRomaner$0(uri)https://id.nb.no/vocabulary/ntsf/258$2ntsf
=700  1\$aŚmietana, Rafał$4trl
=740  0\$aHe who fears the wolf
=852  8\$b0030100$cg00005$hNA/A 2008:7622
=859  \\$a0030100$bg00005$cNA/A 2008:7622$f0$h0$x2015-10-31
=876  \\$a08ga31195$d20081117$jkat$p08ga31195$r08ga31195$wBOOK$xKiP. 1 eks mott fra CappelenDam$z(h.) (Til bruk på NB Oslos lesesal)
=901  \\$a90
=913  \\$aNorbok$bNB
=960  \\$an$9LOCAL
=997  \\$an$9LOCAL

