=LDR  01880cgm a2200433 c 4500
=001  990900200064702202
=005  20230105135404.0
=007  vd\|v||||
=008  140812s2008\\\\xx#|||||||||||####v|nob|d
=035  \\$a(EXLNZ-47BIBSYS_NETWORK)990900200064702201
=035  \\$a(NO-TrBIB)090020006
=035  \\$a(WOACT)0000000880
=035  \\$a090020006-47bibsys_network
=040  \\$aNO-TrBIB$bnob$ekatreg
=082  04$a839.82s$221
=083  0\$a791.43f$221
=245  00$aDe gales hus$cmanuskript: Åse Vikene ; produsenter: Hilde Berg & Bent Rognlien ; regi: Eva Isaksen$h[videoopptak]
=260  \\$aOslo$bNordisk film$cc2008
=300  \\$a1 plate (DVD-video) (1 t 38 min)$blyd, kol.
=500  \\$aDrama
=500  \\$aFilmen bygger på en roman av Karin Fossum
=500  \\$aKodet for region 2. Widescreen
=500  \\$aMedietilsynet : 134224
=500  \\$aNordisk film : 1734831
=500  \\$aNorsk tale, norske og engelske undertekster valgbare
=500  \\$aProduksjon: Norge : Norsk filmproduksjon, 2008
=500  \\$aRolleliste: Ingrid Bolsø Berdal, Thorbjørn Harr, Fridtjov Såheim, Andrea Bræin Hovig
=653  \\$anorske$aspillefilmer$adrama$apsykiatri$apsykiatriske$ainstitusjoner$anorge$anorway$agruppesamtaler$apsykiske$alidelser
=700  1\$aBerdal, Ingrid Bolsø$d1980-$0(NO-TrBIB)7012268$4act
=700  1\$aBerg, Hilde$0(NO-TrBIB)90691979$4pro
=700  1\$aHarr, Thorbjørn$d1974-$0(NO-TrBIB)1023162$4act
=700  1\$aHovig, Andrea Bræin$d1973-$0(NO-TrBIB)48545
=700  1\$aIsaksen, Eva$d1956-$0(NO-TrBIB)90163065$4drt
=700  1\$aRognlien, Bent$0(NO-TrBIB)7058594$4pro
=700  1\$aSåheim, Fridtjov$d1968-$0(NO-TrBIB)99006391$4act
=700  1\$aVikene, Åse$0(NO-TrBIB)2038291$4aus
=700  12$aFossum, Karin$d1954-$tDe gales hus$0(NO-TrBIB)90608300$4ant
=856  42$3Sammendrag$uhttp://www.imdb.com/title/tt1054110/
=901  \\$a80

