=LDR  01481cam a2200433 c 4500
=001  990901344514702202
=005  20230531173358.0
=007  ta
=008  110826s2009\\\\xx#|||||||||||000|f|swe|\
=014  1\$a090134451$b(NO-TrBIB)
=015  \\$a0905840$2nbf
=020  \\$a9789137134772$qib.
=035  \\$a(EXLNZ-47BIBSYS_NETWORK)990901344514702201
=035  \\$a(NO-TrBIB)090134451
=035  \\$a090134451-47bibsys_network
=035  \\$a09ga03107-47bibsys_nb
=040  \\$aNO-OsNB$bnob$ekatreg
=041  1\$hnob
=042  \\$anorbibl
=044  \\$cse
=082  74$a839.823$qNO-OsNB$25/nor
=100  1\$aFossum, Karin$d1954-$0(NO-TrBIB)90608300
=245  14$aDen onda viljan$cKarin Fossum ; översättning Helena Örnkloo och Ulf Örnkloo
=246  1\$aDen onde viljen$iOriginaltittel
=260  \\$aStockholm$bForum$c2009
=300  \\$a205 s.
=490  1\$a[En Konrad Sejer-deckare]
=500  \\$aSerietittel fra løst omslag
=655  \7$aRomaner$0(uri)https://id.nb.no/vocabulary/ntsf/258$2ntsf
=700  1\$aÖrnkloo, Helena$4trl
=700  1\$aÖrnkloo, Ulf$4trl
=800  1\$aFossum, Karin$tEn Konrad Sejer-deckare$d1954-
=852  8\$b0030100$cg00005$hNA/A 2009:505
=859  \\$a0030100$bg00005$cNA/A 2009:505$f0$h0$x2015-10-31
=876  \\$a09ga03107$d20090121$jkat$p09ga03107$r09ga03107$wBOOK$xKiP. Et eks mott fra CappelenDamm$z(ib.) (Til bruk på NB Oslos lesesal)
=901  \\$a90
=913  \\$aNorbok$bNB
=960  \\$an$9LOCAL
=997  \\$an$9LOCAL

