=LDR  01466cim a2200397 c 4500
=001  990901345594702202
=005  20160811094357.0
=007  sd\f||||||||||
=008  131016s2009\\\\xx#||||\|||||||f#|||swe|\
=014  1\$a090134559$b(NO-TrBIB)
=015  \\$a1331742$2nbf
=020  \\$a9789179537807
=035  \\$a(EXLNZ-47BIBSYS_NETWORK)990901345594702201
=035  \\$a(NO-TrBIB)090134559
=035  \\$a090134559-47bibsys_network
=035  \\$a09ga03116-47bibsys_nb
=040  \\$aNO-OsNB$bnob$ekatreg
=041  1\$hnob$dswe
=042  \\$anorbibl
=044  \\$cse
=082  74$a839.823$qNO-OsNB$25/nor
=100  1\$aFossum, Karin$d1954-$0(NO-TrBIB)90608300
=245  14$aDen onda viljan$cKarin Fossum ; uppläsare: Torsten Wahlund ; [översättning: Ulf och Helena Örnkloo]$h[lydopptak]
=246  1\$aDen onde viljen$iOriginaltittel
=260  \\$aStockholm$bBonnier audio$c2009
=300  \\$a5 plater (CD) (ca. 6 t)$bdigital$c12 cm, i eske
=700  1\$aÖrnkloo, Helena$4trl$0(NO-TrBIB)11042884
=700  1\$aÖrnkloo, Ulf$d1934-$4trl$0(NO-TrBIB)90137513
=700  1\$aWahlund, Torsten$emedarb.$0(NO-TrBIB)9009073
=852  8\$b0030100$cg00005$hSmåtr. 1610
=859  \\$a0030100$bg00005$cSmåtr. 1610$f0$h0$x2015-10-31
=876  \\$a09ga03116$d20090121$jkat$p09ga03116$r09ga03116$wCD$xKiP. 1 eks mott fra CappelenDamm$z(CD-plater) (Til bruk på NB Oslos lesesal)
=901  \\$a90
=913  \\$aNorbok$bNB
=960  \\$an$9LOCAL
=997  \\$an$9LOCAL

