=LDR  01227cam a2200361 c 4500
=001  990901609404702202
=005  20170126154640.0
=007  ta
=008  090126s2008\\\\xx#|||||||||||000|1|dut|\
=014  1\$a090160940$b(NO-TrBIB)
=020  \\$a9789046304938$qib.
=020  \\$qib.
=035  \\$a(EXLNZ-47BIBSYS_NETWORK)990901609404702201
=035  \\$a(NO-TrBIB)090160940
=035  \\$a090160940-47bibsys_network
=035  \\$a09ga07184-47bibsys_nb
=040  \\$aNO-OsNB$bnob$ekatreg
=042  \\$anorbibl
=044  \\$cnl
=082  74$a839.823$qNO-OsNB$25/nor
=100  1\$aFossum, Karin$d1954-$0(NO-TrBIB)90608300
=245  10$aHet huis der dwazen$nBand 1
=260  \\$aDen Haag$bStichting Uitgeverij XL$c2008
=300  \\$a329 s.
=700  1\$aSmit, Annemarie$4trl
=773  08$iInkludert i$aFossum, Karin, 1954-$tHet huis der dwazen$dDen Haag : Stichting Uitgeverij XL, cop. 2008$gBand 1$z9789046304938$w990901345834702201
=852  8\$b0030100$cg00005$hNA/A 2009:506
=859  \\$a0030100$bg00005$cNA/A 2009:506$f0$h0$x2015-10-31
=876  \\$a09ga07184$jkat$p09ga07184$r09ga07184$wBOOK$z(ib.) (Til bruk på NB Oslos lesesal)
=901  \\$a90
=913  \\$aNorbok$bNB
=960  \\$an$9LOCAL
=997  \\$an$9LOCAL

