=LDR  02194cim a2200505 c 4500
=001  990901640164702202
=005  20230227083808.0
=007  sd\f||||||||||
=008  110826s2008\\\\no#||||\|||||||f#|||nob|\
=014  1\$a090164016$b(NO-TrBIB)
=014  1\$a090164016$b(NO-TrBIB)
=015  \\$a0906543$2nbf
=020  \\$a9788202295776$cNkr 99.00
=035  \\$a(EXLNZ-47BIBSYS_NETWORK)990901640164702201
=035  \\$a(NO-TrBIB)090164016
=035  \\$a090164016-47bibsys_network
=035  \\$a09ga07237-47bibsys_nb
=035  \\$a09sa01185-47bibsys_nb
=040  \\$aNO-OsNB$bnob$ekatreg
=042  \\$anorbibl
=044  \\$cno
=082  74$a839.823$qNO-OsNB$25/nor
=100  1\$aFossum, Karin$d1954-$0(NO-TrBIB)90608300
=245  10$aDjevelen holder lyset$cKarin Fossum$h[lydopptak]
=260  \\$a[Oslo]$bCappelen Damm$c2008
=300  \\$a1 plate (CD-MP3) (7 t, 28 min)$bdigital$c12 cm, i omslag
=490  1\$aLommelydbok
=500  \\$a1. lydbokutg. Oslo : Fono forl. 2006
=500  \\$aLest av Trini Lund
=700  1\$aLund, Trini$d1951-$emedarb.$0(NO-TrBIB)98025238
=830  \0$aLommelydbok
=852  8\$b0030100$cg00005$hSmåtr. 1613
=852  8\$b0183334$cg00001$hd KZ 2009 0037
=856  42$3Forlagets beskrivelse (kort)$uhttps://contents.bibs.aws.unit.no/?isbn=8202295777
=856  42$3Forlagets beskrivelse (kort)$uhttps://contents.bibs.aws.unit.no/?isbn=9788202295776
=856  42$3Forlagets beskrivelse (lang)$uhttps://contents.bibs.aws.unit.no/?isbn=9788202295776
=856  42$3Omslagsbilde$uhttps://contents.bibs.aws.unit.no/files/images/large/6/7/9788202295776.jpg$qimage/jpeg
=856  42$3Omslagsbilde$uhttps://contents.bibs.aws.unit.no/files/images/small/6/7/9788202295776.jpg$qimage/jpeg
=856  42$3Originalt bilde$uhttps://contents.bibs.aws.unit.no/files/images/original/6/7/9788202295776.jpg$qimage/jpeg
=859  \\$a0030100$bg00005$cSmåtr. 1613$f0$h0$x2015-10-31
=859  \\$a0183334$bg00001$cd KZ 2009 0037$f0$h0$x2015-10-31
=876  \\$a09ga07237$d20090126$jkat$p09ga07237$r09ga07237$wCD$z(CD-plate)(Til bruk på NB Oslos lesesal)
=876  \\$a09sa01185$d20090126$jkat$p09sa01185$r09sa01185$wCD
=901  \\$a90
=913  \\$aNorbok$bNB

