=LDR  02297cim a2200517 c 4500
=001  990901640404702202
=005  20230303083355.0
=007  sd\f||||||||||
=008  110826s2008\\\\no#||||\|||||||f#|||nob|\
=014  1\$a090164040$b(NO-TrBIB)
=014  1\$a090164040$b(NO-TrBIB)
=015  \\$a0906544$2nbf
=020  \\$a9788202295790$cNkr 99.00
=035  \\$a(EXLNZ-47BIBSYS_NETWORK)990901640404702201
=035  \\$a(NO-TrBIB)090164040
=035  \\$a090164040-47bibsys_network
=035  \\$a09ga07238-47bibsys_nb
=035  \\$a09sa01186-47bibsys_nb
=040  \\$aNO-OsNB$bnob$ekatreg
=042  \\$anorbibl
=044  \\$cno
=082  74$a839.823$qNO-OsNB$25/nor
=100  1\$aFossum, Karin$d1954-$0(NO-TrBIB)90608300
=245  10$aSvarte sekunder$cKarin Fossum$h[lydopptak]
=260  \\$a[Oslo]$bCappelen Damm$c2008
=300  \\$a1 plate (CD-MP3) (7 t, 55 min)$bdigital$c12 cm, i omslag
=490  1\$aLommelydbok
=500  \\$a1. lydbokutg. Oslo : Fono forl., 2002
=500  \\$aLest av Trini Lund
=700  1\$aLund, Trini$d1951-$emedarb.$0(NO-TrBIB)98025238
=830  \0$aLommelydbok
=852  8\$b0030100$cg00005$hSmåtr. 1618
=852  8\$b0183334$cg00001$hd KZ 2009 0038
=856  42$3Forlagets beskrivelse (kort)$uhttps://contents.bibs.aws.unit.no/?isbn=8202295793
=856  42$3Forlagets beskrivelse (kort)$uhttps://contents.bibs.aws.unit.no/?isbn=9788202295790
=856  42$3Forlagets beskrivelse (lang)$uhttps://contents.bibs.aws.unit.no/?isbn=9788202295790
=856  42$3Lydfil$uhttps://contents.bibs.aws.unit.no/files/audio/mp3/0/9/9788202295790.mp3$qaudio/mpeg
=856  42$3Miniatyrbilde$uhttps://contents.bibs.aws.unit.no/files/images/small/0/9/9788202295790.jpg$qimage/jpeg
=856  42$3Omslagsbilde$uhttps://contents.bibs.aws.unit.no/files/images/large/0/9/9788202295790.jpg$qimage/jpeg
=856  42$3Originalt bilde$uhttps://contents.bibs.aws.unit.no/files/images/original/0/9/9788202295790.jpg$qimage/jpeg
=859  \\$a0030100$bg00005$cSmåtr. 1618$f0$h0$x2015-10-31
=859  \\$a0183334$bg00001$cd KZ 2009 0038$f0$h0$x2015-10-31
=876  \\$a09ga07238$d20090126$jkat$p09ga07238$r09ga07238$wCD$z(CD-MP3) (Til bruk på NB Oslos lesesal)
=876  \\$a09sa01186$d20090126$jkat$p09sa01186$r09sa01186$wCD
=901  \\$a90
=913  \\$aNorbok$bNB

