=LDR  02179cim a2200505 c 4500
=001  990901641134702202
=005  20230313131131.0
=007  sd\f||||||||||
=008  110826s2008\\\\no#||||\|||||||f#|||nob|\
=014  1\$a090164113$b(NO-TrBIB)
=014  1\$a090164113$b(NO-TrBIB)
=015  \\$a0906541$2nbf
=020  \\$a9788202295769$cNkr 99.00
=035  \\$a(EXLNZ-47BIBSYS_NETWORK)990901641134702201
=035  \\$a(NO-TrBIB)090164113
=035  \\$a090164113-47bibsys_network
=035  \\$a09ga07239-47bibsys_nb
=035  \\$a09sa01188-47bibsys_nb
=040  \\$aNO-OsNB$bnob$ekatreg
=042  \\$anorbibl
=044  \\$cno
=082  74$a839.823$qNO-OsNB$25/nor
=100  1\$aFossum, Karin$d1954-$0(NO-TrBIB)90608300
=245  10$aDen som frykter ulven$cKarin Fossum$h[lydopptak]
=260  \\$a[Oslo]$bCappelen Damm$c2008
=300  \\$a1 plate (CD-MP3) (7 t, 46 min)$bdigital$c12 cm, i omslag
=490  1\$aLommelydbok
=500  \\$a1. lydbokutg. 1997
=500  \\$aLest av Trini Lund
=700  1\$aLund, Trini$d1951-$emedarb.$0(NO-TrBIB)98025238
=830  \0$aLommelydbok
=852  8\$b0030100$cg00005$hSmåtr. 1618
=852  8\$b0183334$cg00001$hd KZ 2009 0039
=856  42$3Forlagets beskrivelse (kort)$uhttps://contents.bibs.aws.unit.no/?isbn=8202295769
=856  42$3Forlagets beskrivelse (lang)$uhttps://contents.bibs.aws.unit.no/?isbn=9788202295769
=856  42$3Lydfil$uhttps://contents.bibs.aws.unit.no/files/audio/mp3/9/6/9788202295769.mp3$qaudio/mpeg
=856  42$3Miniatyrbilde$uhttps://contents.bibs.aws.unit.no/files/images/small/9/6/9788202295769.jpg$qimage/jpeg
=856  42$3Omslagsbilde$uhttps://contents.bibs.aws.unit.no/files/images/large/9/6/9788202295769.jpg$qimage/jpeg
=856  42$3Originalt bilde$uhttps://contents.bibs.aws.unit.no/files/images/original/9/6/9788202295769.jpg$qimage/jpeg
=859  \\$a0030100$bg00005$cSmåtr. 1618$f0$h0$x2015-10-31
=859  \\$a0183334$bg00001$cd KZ 2009 0039$f0$h0$x2015-10-31
=876  \\$a09ga07239$d20090126$jkat$p09ga07239$r09ga07239$wCD$z(h.)(Til bruk på NB Oslos lesesal)
=876  \\$a09sa01188$d20090126$jkat$p09sa01188$r09sa01188$wCD
=901  \\$a90
=913  \\$aNorbok$bNB

