=LDR  02100cim a2200493 c 4500
=001  990918660814702202
=005  20230306151326.0
=007  sd\f||||||||||
=008  110826s2009\\\\no#||||\|||||||f#|||nob|\
=014  1\$a091866081$b(NO-TrBIB)
=014  1\$a091866081$b(NO-TrBIB)
=020  \\$a9788202294205$cNkr 169.00
=035  \\$a(EXLNZ-47BIBSYS_NETWORK)990918660814702201
=035  \\$a(NO-OsBA)0244288
=035  \\$a(NO-TrBIB)091866081
=035  \\$a091866081-47bibsys_network
=035  \\$a09ga38563-47bibsys_nb
=035  \\$a09sa07972-47bibsys_nb
=040  \\$aNO-OsNB$bnob$ekatreg
=042  \\$anorbibl
=044  \\$cno
=082  74$a839.823$qNO-OsNB$25/nor
=100  1\$aFossum, Karin$d1954-$0(NO-TrBIB)90608300
=245  14$aDen onde viljen$cKarin Fossum$h[lydopptak]
=260  \\$a[Oslo]$bCappelen Damm$c2009
=300  \\$a1 plate (CD-MP3) (6 t, 10 min)$bdigital$c12 cm, i omslag
=490  1\$aLommelydbok
=500  \\$a1. lydbokutg. 2008
=500  \\$aLest av Nils Ole Oftebro
=700  1\$aOftebro, Nils Ole$d1944-$emedarb.$0(NO-TrBIB)90605327
=830  \0$aLommelydbok
=852  8\$b0030100$cg00005$hqSmåtr. 2101
=852  8\$b0183334$cg00001$hd KZ 2009 0801
=856  42$3Forlagets beskrivelse (kort)$uhttps://contents.bibs.aws.unit.no/?isbn=9788202294205
=856  42$3Forlagets beskrivelse (lang)$uhttps://contents.bibs.aws.unit.no/content/?isbn=9788202294205
=856  42$3Omslagsbilde$uhttps://contents.bibs.aws.unit.no/files/images/large/5/0/9788202294205.jpg$qimage/jpeg
=856  42$3Omslagsbilde$uhttps://contents.bibs.aws.unit.no/files/images/small/5/0/9788202294205.jpg$qimage/jpeg
=856  42$3Originalt bilde$uhttps://contents.bibs.aws.unit.no/files/images/original/5/0/9788202294205.jpg$qimage/jpeg
=859  \\$a0030100$bg00005$cqSmåtr. 2101$f0$h0$x2015-10-31
=859  \\$a0183334$bg00001$cd KZ 2009 0801$f0$h0$x2015-10-31
=876  \\$a09ga38563$d20090714$jkat$p09ga38563$r09ga38563$wCD$z(CD-plate)(Til bruk på NB Oslos lesesal)
=876  \\$a09sa07972$d20090714$jkat$p09sa07972$r09sa07972$wCD
=901  \\$a90
=913  \\$aNorbok$bNB

