=LDR  02442cam a2200565 c 4500
=001  990922771364702202
=005  20230531174612.0
=007  cr||||||||||||
=007  ta
=008  150121s2009\\\\no\|||||\|||||000|f|nob|\
=014  1\$a092277136$b(NO-TrBIB)
=014  1\$a092277136$b(NO-TrBIB)
=020  \\$a9788202298647$qh.$cNkr 129.00
=035  \\$a(EXLNZ-47BIBSYS_NETWORK)990922771364702201
=035  \\$a(NO-OsBA)0245157
=035  \\$a(NO-TrBIB)092277136
=035  \\$a(NO-TrBIB)150092911
=035  \\$a092277136-47bibsys_network
=035  \\$a09ga31849-47bibsys_nb
=035  \\$a09sa07064-47bibsys_nb
=040  \\$aNO-OsNB$bnob$ekatreg
=042  \\$anorbibl
=044  \\$cno
=082  04$a839.82$223
=082  74$a839.823$qNO-OsNB$25/nor
=100  1\$aFossum, Karin$d1954-$0(NO-TrBIB)90608300
=245  14$aDen onde viljen$cKarin Fossum
=250  \\$a2. utg.
=260  \\$a[Oslo]$bCappelen Damm$c2009
=300  \\$a191 s.
=490  1\$a[En Konrad Sejer-krim]$v[9]
=500  \\$a1. utg. 2008
=533  \\$aElektronisk reproduksjon$b[Norge]$cNasjonalbiblioteket Digital$d2014-12-01
=655  \7$aRomaner$0(uri)https://id.nb.no/vocabulary/ntsf/258$2ntsf
=800  1\$aFossum, Karin$d1954-$tEn Konrad Sejer-krim$v9$0(NO-TrBIB)90608300
=852  8\$b0030100$cg00005$hNA/A 2009:3177
=852  8\$b0183334$cg00001$hc
=856  40$3$yNB Digital$uhttp://urn.nb.no/URN:NBN:no-nb_digibok_2014120108128$z
=856  41$3Fulltekst$uhttps://urn.nb.no/URN:NBN:no-nb_digibok_2014120108128$yNettbiblioteket$zDigital representasjon
=856  42$3Forlagets beskrivelse (kort)$uhttps://contents.bibs.aws.unit.no/?isbn=9788202298647
=856  42$3Forlagets beskrivelse (lang)$uhttps://contents.bibs.aws.unit.no/content/?isbn=9788202298647
=856  42$3Omslagsbilde$uhttps://contents.bibs.aws.unit.no/files/images/large/7/4/9788202298647.jpg$qimage/jpeg
=856  42$3Omslagsbilde$uhttps://contents.bibs.aws.unit.no/files/images/small/7/4/9788202298647.jpg$qimage/jpeg
=856  42$3Originalt bilde$uhttps://contents.bibs.aws.unit.no/files/images/original/7/4/9788202298647.jpg$qimage/jpeg
=859  \\$a0030100$bg00005$cNA/A 2009:3177$f0$h0$x2015-10-31
=859  \\$a0183334$bg00001$cc$f0$h0$x2015-10-31
=876  \\$a09ga31849$d20090512$jkat$p09ga31849$r09ga31849$wBOOK$z(h.) (Til bruk på NB Oslos lesesal)
=876  \\$a09sa07064$d20090512$jkat$p09sa07064$r09sa07064$wBOOK
=901  \\$a90
=913  \\$aNorbok$bNB

