=LDR  02965cam a2200697 c 4500
=001  990925566714702202
=005  20230531175029.0
=007  cr||||||||||||
=007  ta
=008  150828s2009\\\\no\\|||d\|||||000|f|nob|\
=014  1\$a092556671$b(NO-TrBIB)
=014  1\$a092556671$b(NO-TrBIB)
=020  \\$a978-82-02-30846-9$qib.$cNkr 369.00$qCappelen Damm
=020  \\$a978-82-525-7247-6$qib.$qBokklubben
=035  \\$a(EXLNZ-47BIBSYS_NETWORK)990925566714702201
=035  \\$a(NO-OsBA)0246738
=035  \\$a(NO-TrBIB)092556671
=035  \\$a(NO-TrBIB)132772159
=035  \\$a092556671-47bibsys_network
=035  \\$a09ga40926-47bibsys_nb
=035  \\$a09sa11746-47bibsys_nb
=040  \\$aNO-OsNB$bnob$ekatreg
=042  \\$anorbibl
=044  \\$cno
=080  \\$a839.6
=082  04$a839.82$223
=082  74$a839.823$qNO-OsNB$25/nor
=084  \\$aS 4b$2oosk
=100  1\$aFossum, Karin$d1954-$0(NO-TrBIB)90608300$4aut
=245  10$aVarsleren$cKarin Fossum
=260  \\$a[Oslo]$bCappelen Damm$c2009
=300  \\$a267 s.
=500  \\$aOpplagshistorikk:  2.-4. oppl. 2009
=533  \\$aElektronisk reproduksjon$b[Norge]$cNasjonalbiblioteket Digital$d2013-08-26
=653  \\$aromaner$askjønnlitteratur$akrim$aspenning$akriminallitteratur$anorske romanar 2000-tallet$anorsk
=655  \4$aKriminal
=655  \7$aRomaner$0(uri)https://id.nb.no/vocabulary/ntsf/258$2ntsf
=767  0\$aFossum, Karin$tEine undankbare Frau$w991329977114702201
=767  0\$aFossum, Karin$tha-Mevaśer$w999920252768702201
=767  0\$aFossum, Karin$tPalsinja /$w999920052685102201
=767  0\$aFossum, Karin$tPresagios$w999920333574702201
=767  0\$aFossum, Karin$tProvokatér$w991322492004702201
=767  0\$aFossum, Karin$tThe caller$w991329865404702201
=767  0\$tEine undankbare Frau$w999920780278702201$z978-3-492-50161-3
=767  0\$tPresagios$w999920196588202201$z978-84-9032-125-6
=776  0\$tVarsleren$w991333877394702201
=852  8\$b0030100$cg00005$hNA/A 2009:5225
=852  8\$b0183334$cg00001$hb
=856  40$3$yNB Digital$uhttp://urn.nb.no/URN:NBN:no-nb_digibok_2013082606083$z
=856  41$3Fulltekst$uhttps://urn.nb.no/URN:NBN:no-nb_digibok_2013082606083$yNettbiblioteket$zDigital representasjon
=856  42$3Forlagets beskrivelse (kort)$uhttps://contents.bibs.aws.unit.no/?isbn=8202308461
=856  42$3Forlagets beskrivelse (lang)$uhttps://contents.bibs.aws.unit.no/content/?isbn=9788202308469
=856  42$3Originalt bilde$uhttps://contents.bibs.aws.unit.no/files/images/original/9/6/9788202308469.jpg$qimage/jpeg
=859  \\$a0030100$bg00005$cNA/A 2009:5225$f0$h0$x2015-10-31
=859  \\$a0183334$bg00001$cb$f0$h0$x2015-10-31
=876  \\$a09ga40926$d20090820$jkat$p09ga40926$r09ga40926$wBOOK$z(ib.) (Til bruk på NB Oslos lesesal)
=876  \\$a09sa11746$d20090820$jkat$p09sa11746$r09sa11746$wBOOK
=901  \\$a90
=913  \\$aKulturfond$bNB
=913  \\$aNorbok$bNB
=913  \\$aNORLA$bNB

