=LDR  01323cam a2200421 c 4500
=001  990925705504702202
=005  20230531175039.0
=007  ta
=008  110826s2008\\\\xx#|||||||||||000|f|fin|\
=014  1\$a092570550$b(NO-TrBIB)
=015  \\$a0911647$2nbf
=020  \\$a9789520101589$qh.
=035  \\$a(EXLNZ-47BIBSYS_NETWORK)990925705504702201
=035  \\$a(NO-TrBIB)092570550
=035  \\$a092570550-47bibsys_network
=035  \\$a09ga35225-47bibsys_nb
=040  \\$aNO-OsNB$bnob$ekatreg
=041  1\$hnob
=042  \\$anorbibl
=044  \\$cfi
=082  74$a839.823$qNO-OsNB$25/nor
=100  1\$aFossum, Karin$d1954-$0(NO-TrBIB)90608300
=245  10$aMustat sekunnit$cKarin Fossum ; suomennos Arvi Tamminen
=246  1\$aSvarte sekunder$iOriginaltittel
=250  \\$a3. painos
=260  \\$aHelsinki$bLike$c2008
=300  \\$a276 s.
=490  1\$aLike pokkari
=655  \7$aRomaner$0(uri)https://id.nb.no/vocabulary/ntsf/258$2ntsf
=700  1\$aTamminen, Arvi$4trl
=830  \0$aLike pokkari
=852  8\$b0030100$cg00005$hNA/A 2009:4367
=859  \\$a0030100$bg00005$cNA/A 2009:4367$f0$h0$x2015-10-31
=876  \\$a09ga35225$d20090626$jkat$p09ga35225$r09ga35225$wBOOK$xKiP$z(h.) (Til bruk på NB Oslos lesesal)
=901  \\$a90
=913  \\$aNorbok$bNB
=960  \\$an$9LOCAL
=997  \\$an$9LOCAL

