=LDR  01310cam a2200385 c 4500
=001  990925910434702202
=005  20230531175200.0
=007  ta
=008  110826s2009\\\\xx#|||||||||||000|f|por|\
=014  1\$a092591043$b(NO-TrBIB)
=015  \\$a0911277$2nbf
=020  \\$a9788560280360$qh.
=035  \\$a(EXLNZ-47BIBSYS_NETWORK)990925910434702201
=035  \\$a(NO-TrBIB)092591043
=035  \\$a092591043-47bibsys_network
=035  \\$a09ga35543-47bibsys_nb
=040  \\$aNO-OsNB$bnob$ekatreg
=041  1\$hnob
=042  \\$anorbibl
=044  \\$cbr
=082  74$a839.823$qNO-OsNB$25/nor
=100  1\$aFossum, Karin$d1954-$0(NO-TrBIB)90608300
=245  10$aQuem tem medo do lobo$cKarin Fossum ; tradução Fernanda Abreu
=246  1\$aDen som frykter ulven$iOriginaltittel
=260  \\$aRio de Janeiro$bSuma de letras$c[2009]
=300  \\$a255 s.
=655  \7$aRomaner$0(uri)https://id.nb.no/vocabulary/ntsf/258$2ntsf
=700  1\$aAbreu, Fernanda$4trl
=852  8\$b0030100$cg00005$hNA/A 2009:4126
=859  \\$a0030100$bg00005$cNA/A 2009:4126$f0$h0$x2015-10-31
=876  \\$a09ga35543$d20090605$jkat$p09ga35543$r09ga35543$wBOOK$xKiP. 2 eks fra CappelenDamm, 1 sendt Rana$z(h.) (Til bruk på NB Oslos lesesal)
=901  \\$a90
=913  \\$aNorbok$bNB
=960  \\$an$9LOCAL
=997  \\$an$9LOCAL

