=LDR  01356cam a2200409 c 4500
=001  990926085404702202
=005  20230531175252.0
=007  ta
=008  110826s2009\\\\xx#|||||||||||000|f|hun|\
=014  1\$a09260854x$b(NO-TrBIB)
=015  \\$a0911599$2nbf
=020  \\$a9789632441023$qh.
=035  \\$a(EXLNZ-47BIBSYS_NETWORK)990926085404702201
=035  \\$a(NO-TrBIB)09260854x
=035  \\$a09260854x-47bibsys_network
=035  \\$a09ga35840-47bibsys_nb
=040  \\$aNO-OsNB$bnob$ekatreg
=041  1\$hnob
=042  \\$anorbibl
=044  \\$chu
=082  74$a839.823$qNO-OsNB$25/nor
=100  1\$aFossum, Karin$d1954-$0(NO-TrBIB)90608300
=245  10$aNe nézz vissza$cKarin Fossum ; [fordította: Szöllösi Adrienne]
=246  1\$aSe deg ikke tilbake!$iOriginaltittel
=260  \\$aBudapest$bScolar$c2009
=300  \\$a347 s.
=490  1\$aScolar krimik
=655  \7$aRomaner$0(uri)https://id.nb.no/vocabulary/ntsf/258$2ntsf
=700  1\$aSzöllűosi, Adrienne$4trl
=830  \0$aScolar krimik
=852  8\$b0030100$cg00005$hNA/A 2009:4360
=859  \\$a0030100$bg00005$cNA/A 2009:4360$f0$h0$x2015-10-31
=876  \\$a09ga35840$d20090609$jkat$p09ga35840$r09ga35840$wBOOK$xKiP. To eks fra Norla, 1 sendt Rana$z(h.) (Til bruk på NB Oslos lesesal)
=901  \\$a90
=913  \\$aNorbok$bNB
=960  \\$an$9LOCAL
=997  \\$an$9LOCAL

