=LDR  01337cam a2200421 c 4500
=001  990926237004702202
=005  20230531175315.0
=007  ta
=008  110826s2009\\\\xx#|||||||||||000|f|fin|\
=014  1\$a092623700$b(NO-TrBIB)
=015  \\$a0911645$2nbf
=020  \\$a9789520103224$qh.
=035  \\$a(EXLNZ-47BIBSYS_NETWORK)990926237004702201
=035  \\$a(NO-TrBIB)092623700
=035  \\$a092623700-47bibsys_network
=035  \\$a09ga36106-47bibsys_nb
=040  \\$aNO-OsNB$bnob$ekatreg
=041  1\$hnob
=042  \\$anorbibl
=044  \\$cfi
=082  74$a839.823$qNO-OsNB$25/nor
=100  1\$aFossum, Karin$d1954-$0(NO-TrBIB)90608300
=245  10$aPiru valoa kantaa$cKarin Fossum ; suomennos Tarja Teva
=246  1\$aDjevelen holder lyset$iOriginaltittel
=250  \\$a4. painos
=260  \\$aHelsinki$bLike$c2009
=300  \\$a271 s.
=490  1\$aLike pokkari
=655  \7$aRomaner$0(uri)https://id.nb.no/vocabulary/ntsf/258$2ntsf
=700  1\$aTeva, Tarja$4trl
=830  \0$aLike pokkari
=852  8\$b0030100$cg00005$hNA/A 2009:4366
=859  \\$a0030100$bg00005$cNA/A 2009:4366$f0$h0$x2015-10-31
=876  \\$a09ga36106$d20090626$jkat$p09ga36106$r09ga36106$wBOOK$xCapris har. KiP$z(h.) (Til bruk på NB Oslos lesesal)
=901  \\$a90
=913  \\$aNorbok$bNB
=960  \\$an$9LOCAL
=997  \\$an$9LOCAL

