=LDR  01410cam a2200421 c 4500
=001  990927349104702202
=005  20230531175544.0
=007  ta
=008  110826s2009\\\\xx#|||||||||||000|f|swe|\
=014  1\$a09273491x$b(NO-TrBIB)
=015  \\$a0913321$2nbf
=020  \\$a9789170016998$qh.
=035  \\$a(EXLNZ-47BIBSYS_NETWORK)990927349104702201
=035  \\$a(NO-TrBIB)09273491x
=035  \\$a09273491x-47bibsys_network
=035  \\$a09ga37652-47bibsys_nb
=040  \\$aNO-OsNB$bnob$ekatreg
=041  1\$hnob
=042  \\$anorbibl
=044  \\$cse
=082  74$a839.823$qNO-OsNB$25/nor
=100  1\$aFossum, Karin$d1954-$0(NO-TrBIB)90608300
=245  10$aDen som älskar något annat$cKarin Fossum ; översättning: Ulf Örnkloo och Helena Örnkloo
=246  1\$aDen som elsker noe annet$iOriginaltittel
=260  \\$aStockholm$bMånpocket$c2009
=300  \\$a223 s.
=490  1\$aMånpocket
=655  \7$aRomaner$0(uri)https://id.nb.no/vocabulary/ntsf/258$2ntsf
=700  1\$aÖrnkloo, Helena$4trl
=700  1\$aÖrnkloo, Ulf$4trl
=830  \0$aMånpocket
=852  8\$b0030100$cg00005$hNA/A 2009:5334
=859  \\$a0030100$bg00005$cNA/A 2009:5334$f0$h0$x2015-10-31
=876  \\$a09ga37652$d20090821$jkat$p09ga37652$r09ga37652$wBOOK$xHe  1 eks i gave fra Cappelen$z(h.) (Til bruk på NB Oslos lesesal)
=901  \\$a90
=913  \\$aNorbok$bNB
=960  \\$an$9LOCAL
=997  \\$an$9LOCAL

