=LDR  02216cim a2200481 c 4500
=001  990927809204702202
=005  20230323133036.0
=007  sd\f||||||||||
=008  151023s2009\\\\no#||||\|||||||f#|||nob|\
=014  1\$a09278092x$b(NO-TrBIB)
=014  1\$a09278092x$b(NO-TrBIB)
=020  \\$a9788202310899$cNkr 379.00
=035  \\$a(EXLNZ-47BIBSYS_NETWORK)990927809204702201
=035  \\$a(NO-OsBA)0248151
=035  \\$a(NO-TrBIB)09278092x
=035  \\$a09278092x-47bibsys_network
=035  \\$a09ga52082-47bibsys_nb
=035  \\$a09sa13119-47bibsys_nb
=040  \\$aNO-OsNB$bnob$ekatreg
=042  \\$anorbibl
=044  \\$cno
=082  74$a839.823$qNO-OsNB$25/nor
=100  1\$aFossum, Karin$d1954-$0(NO-TrBIB)90608300
=245  10$aVarsleren$cKarin Fossum$h[lydopptak]
=260  \\$a[Oslo]$bCappelen Damm$c2009
=300  \\$a7 plater (CD) (8 t, 19 min)$bdigital$c12 cm, i eske
=500  \\$aLest av Nils Ole Oftebro
=700  1\$aOftebro, Nils Ole$d1944-$emedarb.$0(NO-TrBIB)90605327
=852  8\$b0030100$cg00005$hqSmåtr. 2157
=852  8\$b0183334$cg00001$hd KZ 2009 1295-1301
=856  42$3Forlagets beskrivelse (kort)$uhttps://contents.bibs.aws.unit.no/?isbn=820231089X
=856  42$3Forlagets beskrivelse (kort)$uhttps://contents.bibs.aws.unit.no/?isbn=9788202310899
=856  42$3Forlagets beskrivelse (lang)$uhttps://contents.bibs.aws.unit.no/content/?isbn=9788202310899
=856  42$3Lydfil$uhttps://contents.bibs.aws.unit.no/files/audio/mp3/9/9/9788202310899.mp3$qaudio/mpeg
=856  42$3Miniatyrbilde$uhttps://contents.bibs.aws.unit.no/files/images/small/9/9/9788202310899.jpg$qimage/jpeg
=856  42$3Omslagsbilde$uhttps://contents.bibs.aws.unit.no/files/images/large/9/9/9788202310899.jpg$qimage/jpeg
=856  42$3Originalt bilde$uhttps://contents.bibs.aws.unit.no/files/images/original/9/9/9788202310899.jpg$qimage/jpeg
=859  \\$a0030100$bg00005$cqSmåtr. 2157$f0$h0$x2015-10-31
=859  \\$a0183334$bg00001$cd KZ 2009 1295-1301$f0$h0$x2015-10-31
=876  \\$a09ga52082$d20091207$jkat$p09ga52082$r09ga52082$wCD$z(CD-plater) (Til bruk på NB Oslos lesesal)
=876  \\$a09sa13119$d20090910$jkat$p09sa13119$r09sa13119$wCD
=901  \\$a90
=913  \\$aNorbok$bNB

