=LDR  02081cam a2200469 c 4500
=001  990929232404702202
=005  20230531175940.0
=007  ta
=008  110826s2009\\\\xx#|||||||||||000|f|eng|\
=014  1\$a092923240$b(NO-TrBIB)
=015  \\$a0913515$2nbf
=020  \\$a9781846551703$qh.
=035  \\$a(EXLNZ-47BIBSYS_NETWORK)990929232404702201
=035  \\$a(NO-TrBIB)092923240
=035  \\$a092923240-47bibsys_network
=035  \\$a09ga40262-47bibsys_nb
=040  \\$aNO-OsNB$bnob$ekatreg
=041  1\$hnob
=042  \\$anorbibl
=044  \\$cgb
=082  74$a839.823$qNO-OsNB$25/nor
=100  1\$aFossum, Karin$d1954-$0(NO-TrBIB)90608300
=245  14$aThe water's edge$cKarin Fossum ; translated from the Norwegian by Charlotte Barslund
=246  1\$aDen som elsker noe annet$iOriginaltittel
=260  \\$aLondon$bHarvill Secker$c2009
=300  \\$a227 s.
=655  \7$aRomaner$0(uri)https://id.nb.no/vocabulary/ntsf/258$2ntsf
=700  1\$aBarslund, Charlotte$4trl
=852  8\$b0030100$cg00005$hNA/A 2009:5339
=856  42$3Forlagets beskrivelse (kort)$uhttps://contents.bibs.aws.unit.no/?isbn=1846551706
=856  42$3Forlagets beskrivelse (kort)$uhttps://contents.bibs.aws.unit.no/content/?isbn=9781846551703
=856  42$3Forlagets beskrivelse (lang)$uhttps://contents.bibs.aws.unit.no/?isbn=1846551706
=856  42$3Forlagets beskrivelse (lang)$uhttps://contents.bibs.aws.unit.no/?isbn=9781846551703
=856  42$3Omslagsbilde$uhttps://contents.bibs.aws.unit.no/files/images/large/3/0/9781846551703.jpg$qimage/jpeg
=856  42$3Omslagsbilde$uhttps://contents.bibs.aws.unit.no/files/images/small/3/0/9781846551703.jpg$qimage/jpeg
=856  42$3Originalt bilde$uhttps://contents.bibs.aws.unit.no/files/images/original/3/0/9781846551703.jpg$qimage/jpeg
=859  \\$a0030100$bg00005$cNA/A 2009:5339$f0$h0$x2015-10-31
=876  \\$a09ga40262$d20090813$jkat$p09ga40262$r09ga40262$wBOOK$xKiP. To eks fra Norla, 1 sendt Rana$z(h.) (Til bruk på NB Oslos lesesal)
=901  \\$a90
=913  \\$aNorbok$bNB
=960  \\$an$9LOCAL
=997  \\$an$9LOCAL

