=LDR  01290cam a2200397 c 4500
=001  990929762394702202
=005  20230531180045.0
=007  ta
=008  110826s2009\\\\xx#|||||||||||000|f|dan|\
=014  1\$a092976239$b(NO-TrBIB)
=015  \\$a0913317$2nbf
=020  \\$a9788779557260$qh.
=035  \\$a(EXLNZ-47BIBSYS_NETWORK)990929762394702201
=035  \\$a(NO-TrBIB)092976239
=035  \\$a092976239-47bibsys_network
=035  \\$a09ga41149-47bibsys_nb
=040  \\$aNO-OsNB$bnob$ekatreg
=041  1\$hnob
=042  \\$anorbibl
=044  \\$cdk
=082  74$a839.823$qNO-OsNB$25/nor
=100  1\$aFossum, Karin$d1954-$0(NO-TrBIB)90608300
=245  10$aDen der frygter ulven$cKarin Fossum ; oversat af Helga Poder
=246  1\$aDen som frykter ulven$iOriginaltittel
=250  \\$a3. udg.
=260  \\$aÅrhus$bKlim$c2009
=300  \\$a285 s.
=655  \7$aRomaner$0(uri)https://id.nb.no/vocabulary/ntsf/258$2ntsf
=700  1\$aPoder, Helga$4trl
=852  8\$b0030100$cg00005$hNA/A 2009:5333
=859  \\$a0030100$bg00005$cNA/A 2009:5333$f0$h0$x2015-10-31
=876  \\$a09ga41149$d20090821$jkat$p09ga41149$r09ga41149$wBOOK$xKiP. 1 eks fra Cappelen$z(h.) (Til bruk på NB Oslos lesesal)
=901  \\$a90
=913  \\$aNorbok$bNB
=960  \\$an$9LOCAL
=997  \\$an$9LOCAL

