=LDR  01448cam a2200421 c 4500
=001  990929762804702202
=005  20230531180047.0
=007  ta
=008  130304s2009\\\\xx#|||||||||||000|f|ger|\
=014  1\$a09297628x$b(NO-TrBIB)
=015  \\$a0913120$2nbf
=020  \\$a9783492254151$qh.
=035  \\$a(EXLNZ-47BIBSYS_NETWORK)990929762804702201
=035  \\$a(NO-TrBIB)09297628x
=035  \\$a09297628x-47bibsys_network
=035  \\$a09ga41150-47bibsys_nb
=040  \\$aNO-OsNB$bnob$ekatreg
=041  1\$hnob
=042  \\$anorbibl
=044  \\$cde
=082  74$a839.823$qNO-OsNB$25/nor
=100  1\$aFossum, Karin$d1954-$0(NO-TrBIB)90608300
=245  10$aWer anders liebt :$bPsychothriller$cKarin Fossum ; aus dem Norwegischen von Gabriele Haefs
=246  1\$aDen som elsker noe annet$iOriginaltittel
=250  \\$aUngekürzte Taschenbuchausg.
=260  \\$aMünchen$bPiper$c2009
=300  \\$a248 s.
=490  1\$a[Serie Piper]$v5415
=655  \7$aRomaner$0(uri)https://id.nb.no/vocabulary/ntsf/258$2ntsf
=700  1\$aHaefs, Gabriele$4trl
=830  \0$a[Serie Piper]$v5415
=852  8\$b0030100$cg00005$hNA/A 2009:5264
=859  \\$a0030100$bg00005$cNA/A 2009:5264$f0$h0$x2015-10-31
=876  \\$a09ga41150$d20090821$jkat$p09ga41150$r09ga41150$wBOOK$xKiP. 1 eks fra CappelenDam 1 eks til, sendt Depot$z(h.) (Til bruk på NB Oslos lesesal)
=901  \\$a90
=913  \\$aNorbok$bNB
=960  \\$an$9LOCAL
=997  \\$an$9LOCAL

