=LDR  01368cam a2200409 c 4500
=001  990929822554702202
=005  20230531180054.0
=007  ta
=008  110826s2009\\\\xx#|||||||||||000|f|dut|\
=014  1\$a092982255$b(NO-TrBIB)
=015  \\$a0912915$2nbf
=020  \\$a9789046305508$qib.
=035  \\$a(EXLNZ-47BIBSYS_NETWORK)990929822554702201
=035  \\$a(NO-TrBIB)092982255
=035  \\$a092982255-47bibsys_network
=035  \\$a09ga41200-47bibsys_nb
=040  \\$aNO-OsNB$bnob$ekatreg
=041  1\$hnob
=042  \\$anorbibl
=044  \\$cnl
=082  74$a839.823$qNO-OsNB$25/nor
=100  1\$aFossum, Karin$d1954-$0(NO-TrBIB)90608300
=245  10$aEen andere voorkeur$cKarin Fossum ; [vertaling: Annemarie Smit]
=246  1\$aDen som elsker noe annet$iOriginaltittel
=260  \\$aDen Haag$bStichting Uitgeverij XL$c2009
=300  \\$a312 s.
=490  1\$aXL$vboeknr. 1531
=655  \7$aRomaner$0(uri)https://id.nb.no/vocabulary/ntsf/258$2ntsf
=700  1\$aSmit, Annemarie$4trl
=830  \0$aXL$vboeknr. 1531
=852  8\$b0030100$cg00005$hNA/A 2009:5052
=859  \\$a0030100$bg00005$cNA/A 2009:5052$f0$h0$x2015-10-31
=876  \\$a09ga41200$d20090824$jkat$p09ga41200$r09ga41200$wBOOK$xKiP. 1 eks fra CappelenDamm$z(ib.) (Til bruk på NB Oslos lesesal)
=901  \\$a90
=913  \\$aNorbok$bNB
=960  \\$an$9LOCAL
=997  \\$an$9LOCAL

