=LDR  01288cam a2200385 c 4500
=001  990929823524702202
=005  20230531180054.0
=007  ta
=008  110826s2009\\\\xx#|||||||||||000|f|fin|\
=014  1\$a092982352$b(NO-TrBIB)
=015  \\$a0912918$2nbf
=020  \\$a9789510350935$qib.
=035  \\$a(EXLNZ-47BIBSYS_NETWORK)990929823524702201
=035  \\$a(NO-TrBIB)092982352
=035  \\$a092982352-47bibsys_network
=035  \\$a09ga41209-47bibsys_nb
=040  \\$aNO-OsNB$bnob$ekatreg
=041  1\$hnob
=042  \\$anorbibl
=044  \\$cfi
=082  74$a839.823$qNO-OsNB$25/nor
=100  1\$aFossum, Karin$d1954-$0(NO-TrBIB)90608300
=245  10$aPaha tahto :$bKonrad Sejer-romaani$cKarin Fossum ; suomentanut Tarja Teva
=246  1\$aDen onde viljen$iOriginaltittel
=260  \\$aHelsinki$bJohnny Kniga$c2009
=300  \\$a222 s.
=655  \7$aRomaner$0(uri)https://id.nb.no/vocabulary/ntsf/258$2ntsf
=700  1\$aTeva, Tarja$4trl
=852  8\$b0030100$cg00005$hNA/A 2009:5055
=859  \\$a0030100$bg00005$cNA/A 2009:5055$f0$h0$x2015-10-31
=876  \\$a09ga41209$d20090824$jkat$p09ga41209$r09ga41209$wBOOK$xKiP. 1 eks fra CappelenDamm$z(ib.) (Til bruk på NB Oslos lesesal)
=901  \\$a90
=913  \\$aNorbok$bNB
=960  \\$an$9LOCAL
=997  \\$an$9LOCAL

