=LDR  01325cam a2200397 c 4500
=001  990929832784702202
=005  20230531180058.0
=007  ta
=008  110826s2009\\\\xx#|||||||||||000|f|fre|\
=014  1\$a092983278$b(NO-TrBIB)
=015  \\$a0913111$2nbf
=020  \\$a9782290009079$qh.
=035  \\$a(EXLNZ-47BIBSYS_NETWORK)990929832784702201
=035  \\$a(NO-TrBIB)092983278
=035  \\$a092983278-47bibsys_network
=035  \\$a09ga41221-47bibsys_nb
=040  \\$aNO-OsNB$bnob$ekatreg
=041  1\$hnob
=042  \\$anorbibl
=044  \\$cfr
=082  74$a839.823$qNO-OsNB$25/nor
=100  1\$aFossum, Karin$d1954-$0(NO-TrBIB)90608300
=245  13$aLa mort indienne :$broman$cKarin Fossum ; traduit du norvégien par Alex Fouillet
=246  1\$aElskede Poona$iOriginaltittel
=260  \\$aParis$bJ'ai lu$c2009
=300  \\$a347 s.
=500  \\$aNr. på ryggen : 8974
=655  \7$aRomaner$0(uri)https://id.nb.no/vocabulary/ntsf/258$2ntsf
=700  1\$aFouillet, Alex$4trl
=852  8\$b0030100$cg00005$hNA/A 2009:5262
=859  \\$a0030100$bg00005$cNA/A 2009:5262$f0$h0$x2015-10-31
=876  \\$a09ga41221$d20090824$jkat$p09ga41221$r09ga41221$wBOOK$xKiP. 1 eks fra CappelenDamm$z(h.) (Til bruk på NB Oslos lesesal)
=901  \\$a90
=913  \\$aNorbok$bNB
=960  \\$an$9LOCAL
=997  \\$an$9LOCAL

