=LDR  01339cim a2200385 c 4500
=001  990929833594702202
=005  20160811094416.0
=007  sd\f||||||||||
=008  120928s2009\\\\xx#||||\|||||||f#|||eng|\
=014  1\$a092983359$b(NO-TrBIB)
=015  \\$a1229924$2nbf
=020  \\$a9781408431610
=035  \\$a(EXLNZ-47BIBSYS_NETWORK)990929833594702201
=035  \\$a(NO-TrBIB)092983359
=035  \\$a092983359-47bibsys_network
=035  \\$a09ga41223-47bibsys_nb
=040  \\$aNO-OsNB$bnob$ekatreg
=041  1\$hnob$deng
=042  \\$anorbibl
=044  \\$cgb
=082  74$a839.823$qNO-OsNB$25/nor
=100  1\$aFossum, Karin$d1954-$0(NO-TrBIB)90608300
=245  10$aCalling out for you$cKarin Fossum$h[lydopptak]
=246  1\$aElskede Poona$iOriginaltittel
=260  \\$aBath$bChivers Audio Books$ccop. 2009
=300  \\$a8 plater (CD)$bdigital$c12 cm, i eske
=500  \\$aOversatt av Charlotte Barslund ; lest av David Rintoul
=700  1\$aBarslund, Charlotte$4trl$0(NO-TrBIB)9061910
=852  8\$b0030100$cg00005$hNA/A 2009:6867
=859  \\$a0030100$bg00005$cNA/A 2009:6867$f0$h0$x2015-10-31
=876  \\$a09ga41223$d20090824$jkat$p09ga41223$r09ga41223$wCD$xKiP. 1 eks fra CappelenDamm$z(CD-plater) (Til bruk på NB Oslos lesesal)
=901  \\$a90
=913  \\$aNorbok$bNB
=960  \\$an$9LOCAL
=997  \\$an$9LOCAL

