=LDR  01393cam a2200397 c 4500
=001  990934437904702202
=005  20230531180941.0
=007  ta
=008  110826s2009\\\\xx#|||||||||||000|f|dan|\
=014  1\$a09344379x$b(NO-TrBIB)
=015  \\$a0915481$2nbf
=020  \\$a9788702077407$qib.
=035  \\$a(EXLNZ-47BIBSYS_NETWORK)990934437904702201
=035  \\$a(NO-TrBIB)09344379x
=035  \\$a09344379x-47bibsys_network
=035  \\$a09ga46599-47bibsys_nb
=040  \\$aNO-OsNB$bnob$ekatreg
=041  1\$hnob
=042  \\$anorbibl
=044  \\$cdk
=082  74$a839.823$qNO-OsNB$25/nor
=100  1\$aFossum, Karin$d1954-$0(NO-TrBIB)90608300
=245  14$aDen onde vilje :$bkriminalroman$cKarin Fossum ; på dansk ved Poul Bratbjerg Hansen
=246  1\$aDen onde viljen$iOriginaltittel
=260  \\$a[København]$bGyldendal$c2009
=300  \\$a191 s.
=500  \\$aPå løst omslag: En Konrad Sejer krimi
=655  \7$aRomaner$0(uri)https://id.nb.no/vocabulary/ntsf/258$2ntsf
=700  1\$aBratbjerg Hansen, Poul$4trl
=852  8\$b0030100$cg00005$hNA/A 2009:7097
=859  \\$a0030100$bg00005$cNA/A 2009:7097$f0$h0$x2015-10-31
=876  \\$a09ga46599$d20091021$jkat$p09ga46599$r09ga46599$wBOOK$xTr.N. Ugefortegnelse nr.41 2009 1 eks fra CappelenDamm$z(ib.) (Til bruk på NB Oslos lesesal)
=901  \\$a90
=913  \\$aNorbok$bNB
=960  \\$an$9LOCAL
=997  \\$an$9LOCAL

