=LDR  01300cam a2200385 c 4500
=001  990935683554702202
=005  20230531181212.0
=007  ta
=008  110826s2009\\\\xx#|||||||||||000|f|por|\
=014  1\$a093568355$b(NO-TrBIB)
=015  \\$a0914896$2nbf
=020  \\$a9789892305639$qh.
=035  \\$a(EXLNZ-47BIBSYS_NETWORK)990935683554702201
=035  \\$a(NO-TrBIB)093568355
=035  \\$a093568355-47bibsys_network
=035  \\$a09ga47787-47bibsys_nb
=040  \\$aNO-OsNB$bnob$ekatreg
=041  1\$hnob
=042  \\$anorbibl
=044  \\$cpt
=082  74$a839.823$qNO-OsNB$25/nor
=100  1\$aFossum, Karin$d1954-$0(NO-TrBIB)90608300
=245  12$aA noiva indiana$cKarin Fossum ; traduzido do inglês por José Mendonça da Cruz
=246  1\$aElskede Poona$iOriginaltittel
=260  \\$aAlfragide$bOceanos$c2009
=300  \\$a277 s.
=655  \7$aRomaner$0(uri)https://id.nb.no/vocabulary/ntsf/258$2ntsf
=700  1\$aCruz, José Mendonça da$4trl
=852  8\$b0030100$cg00005$hNA/A 2009:6236
=859  \\$a0030100$bg00005$cNA/A 2009:6236$f0$h0$x2015-10-31
=876  \\$a09ga47787$d20091021$jkat$p09ga47787$r09ga47787$wBOOK$xKiP. 1 eks fra CappelenDamm$z(h.) (Til bruk på NB Oslos lesesal)
=901  \\$a90
=913  \\$aNorbok$bNB
=960  \\$an$9LOCAL
=997  \\$an$9LOCAL

