=LDR  01450cam a2200421 c 4500
=001  990935687544702202
=005  20230531181212.0
=007  ta
=008  120927s2009\\\\xx#|||||||||||000|f|swe|\
=014  1\$a093568754$b(NO-TrBIB)
=015  \\$a0914889$2nbf
=020  \\$a9789143012668$qib.
=035  \\$a(EXLNZ-47BIBSYS_NETWORK)990935687544702201
=035  \\$a(NO-TrBIB)093568754
=035  \\$a093568754-47bibsys_network
=035  \\$a09ga47794-47bibsys_nb
=040  \\$aNO-OsNB$bnob$ekatreg
=041  1\$hnob
=042  \\$anorbibl
=044  \\$cse
=082  74$a839.823$qNO-OsNB$25/nor
=100  1\$aFossum, Karin$d1954-$0(NO-TrBIB)90608300
=245  14$aDen onda viljan$cKarin Fossum ; översättning Helena Örnkloo och Ulf Örnkloo
=246  1\$aDen onde viljen$iOriginaltittel
=260  \\$a[Stockholm]$bBonnier$c2009
=300  \\$a205 s.
=655  \7$aRomaner$0(uri)https://id.nb.no/vocabulary/ntsf/258$2ntsf
=700  1\$aÖrnklo, Helena$4trl
=700  1\$aÖrnklo, Ulf$4trl
=700  1\$aÖrnkloo, Helena$4trl$0(NO-TrBIB)11042884
=700  1\$aÖrnkloo, Ulf$d1934-$4trl$0(NO-TrBIB)90137513
=852  8\$b0030100$cg00005$hNA/A 2009:6234
=859  \\$a0030100$bg00005$cNA/A 2009:6234$f0$h0$x2015-10-31
=876  \\$a09ga47794$d20091021$jkat$p09ga47794$r09ga47794$wBOOK$xKiP. 1 eks fra CappelenDamm$z(ib.) (Til bruk på NB Oslos lesesal)
=901  \\$a90
=913  \\$aNorbok$bNB
=960  \\$an$9LOCAL
=997  \\$an$9LOCAL

