=LDR  02000cam a2200481 c 4500
=001  990935693434702202
=005  20230531181217.0
=007  ta
=008  110826s2009\\\\xx#|||||||||||000|f|eng|\
=014  1\$a093569343$b(NO-TrBIB)
=015  \\$a0915482$2nbf
=020  \\$a9780151014217$qib.
=035  \\$a(EXLNZ-47BIBSYS_NETWORK)990935693434702201
=035  \\$a(NO-TrBIB)093569343
=035  \\$a093569343-47bibsys_network
=035  \\$a09ga47802-47bibsys_nb
=040  \\$aNO-OsNB$bnob$ekatreg
=041  1\$hnob
=042  \\$anorbibl
=044  \\$cus
=082  74$a839.823$qNO-OsNB$25/nor
=100  1\$aFossum, Karin$d1954-$0(NO-TrBIB)90608300
=245  14$aThe water's edge$cKarin Fossum ; translated from the Norwegian by Charlotte Barslund
=246  1\$aDen som elsker noe annet$iOriginaltittel
=260  \\$aBoston, Mass.$bHoughton Mifflin Harcourt$c2009
=300  \\$a227 s.
=490  1\$a[An Inspector Sejer mystery]
=500  \\$aSerietittel fra løst omslag
=655  \7$aRomaner$0(uri)https://id.nb.no/vocabulary/ntsf/258$2ntsf
=700  1\$aBarslund, Charlotte$4trl
=800  1\$aFossum, Karin$tAn Inspector Sejer mystery$d1954-
=852  8\$b0030100$cg00005$hNA/A 2009:7098
=856  42$3Forlagets beskrivelse (kort)$uhttps://contents.bibs.aws.unit.no/?isbn=0151014213
=856  42$3Forlagets beskrivelse (kort)$uhttps://contents.bibs.aws.unit.no/?isbn=9780151014217
=856  42$3Forlagets beskrivelse (lang)$uhttps://contents.bibs.aws.unit.no/?isbn=0151014213
=856  42$3Forlagets beskrivelse (lang)$uhttps://contents.bibs.aws.unit.no/?isbn=9780151014217
=856  42$3Omslagsbilde$uhttps://contents.bibs.aws.unit.no/files/images/large/7/1/9780151014217.jpg$qimage/jpeg
=859  \\$a0030100$bg00005$cNA/A 2009:7098$f0$h0$x2015-10-31
=876  \\$a09ga47802$d20091021$jkat$p09ga47802$r09ga47802$wBOOK$xKiP. 1 eks fra CappelenDamm$z(ib.) (Til bruk på NB Oslos lesesal)
=901  \\$a90
=913  \\$aNorbok$bNB
=960  \\$an$9LOCAL
=997  \\$an$9LOCAL

