=LDR  01285cam a2200397 c 4500
=001  990936141444702202
=005  20230531181315.0
=007  ta
=008  110826s1999\\\\xx#|||||||||||000|f|swe|\
=014  1\$a093614144$b(NO-TrBIB)
=015  \\$a0915487$2nbf
=020  \\$a9176435059$qh.
=035  \\$a(EXLNZ-47BIBSYS_NETWORK)990936141444702201
=035  \\$a(NO-TrBIB)093614144
=035  \\$a093614144-47bibsys_network
=035  \\$a09ga48492-47bibsys_nb
=040  \\$aNO-OsNB$bnob$ekatreg
=041  1\$hnob
=042  \\$anorbibl
=044  \\$cse
=082  74$a839.823$qNO-OsNB$25/nor
=100  1\$aFossum, Karin$d1954-$0(NO-TrBIB)90608300
=245  10$aEvas öga$cKarin Fossum ; översättning Helena och Ulf Örnkloo
=246  1\$aEvas øye$iOriginaltittel
=260  \\$a[Stockholm]$bMånpocket$c1999
=300  \\$a220 s.
=655  \7$aRomaner$0(uri)https://id.nb.no/vocabulary/ntsf/258$2ntsf
=700  1\$aÖrnkloo, Helena$4trl
=700  1\$aÖrnkloo, Ulf$4trl
=852  8\$b0030100$cg00005$hNA/A 2009:7071
=859  \\$a0030100$bg00005$cNA/A 2009:7071$f0$h0$x2015-10-31
=876  \\$a09ga48492$d20091027$jkat$p09ga48492$r09ga48492$wBOOK$xASt$z(h.) (Til bruk på NB Oslos lesesal)
=901  \\$a90
=913  \\$aNorbok$bNB
=960  \\$an$9LOCAL
=997  \\$an$9LOCAL

