=LDR  02579cam a2200601 c 4500
=001  990937278014702202
=005  20230531181519.0
=007  cr||||||||||||
=007  ta
=008  130301s2009\\\\no\|||||\|||||000|f|nob|\
=014  1\$a093727801$b(NO-TrBIB)
=014  1\$a093727801$b(NO-TrBIB)
=015  \\$a0916501$2nbf
=020  \\$a9788202301422$qib.$cNkr 199.00
=035  \\$a(EXLNZ-47BIBSYS_NETWORK)990937278014702201
=035  \\$a(NO-TrBIB)093727801
=035  \\$a(NO-TrBIB)130740381
=035  \\$a093727801-47bibsys_network
=035  \\$a09ga50062-47bibsys_nb
=035  \\$a09sa16833-47bibsys_nb
=040  \\$aNO-OsNB$bnob$ekatreg
=042  \\$anorbibl
=044  \\$cno
=082  04$a839.82$223
=082  74$a839.823$qNO-OsNB$25/nor
=084  \\$aS 4b$2oosk
=100  1\$aFossum, Karin$d1954-$0(NO-TrBIB)90608300$4aut
=245  10$aElskede Poona$cKarin Fossum
=260  \\$a[Oslo]$bCappelen Damm$c2009
=300  \\$a271 s.
=490  1\$aFavoritt
=500  \\$a1. utg. Oslo : Cappelen, 2000
=533  \\$aElektronisk reproduksjon$b[Norge]$cNasjonalbiblioteket Digital$d2013-01-25
=655  \7$aRomaner$0(uri)https://id.nb.no/vocabulary/ntsf/258$2ntsf
=767  0\$tDragă Poona$w999921292967902201$z978-606-8959-60-3
=830  \0$aFavoritt
=852  8\$b0030100$cg00005$hNA/A 2009:7562
=852  8\$b0183334$cg00001$hb
=856  40$3$yNB Digital$uhttp://urn.nb.no/URN:NBN:no-nb_digibok_2013012506211$z
=856  41$3Fulltekst$uhttps://urn.nb.no/URN:NBN:no-nb_digibok_2013012506211$yNettbiblioteket$zDigital representasjon
=856  42$3Forlagets beskrivelse (kort)$uhttps://contents.bibs.aws.unit.no/?isbn=8202301424
=856  42$3Forlagets beskrivelse (kort)$uhttps://contents.bibs.aws.unit.no/?isbn=9788202301422
=856  42$3Forlagets beskrivelse (lang)$uhttps://contents.bibs.aws.unit.no/content/?isbn=9788202301422
=856  42$3Miniatyrbilde$uhttps://contents.bibs.aws.unit.no/files/images/small/2/2/9788202301422.jpg$qimage/jpeg
=856  42$3Omslagsbilde$uhttps://contents.bibs.aws.unit.no/files/images/large/2/2/9788202301422.jpg$qimage/jpeg
=856  42$3Originalt bilde$uhttps://contents.bibs.aws.unit.no/files/images/original/2/2/9788202301422.jpg$qimage/jpeg
=859  \\$a0030100$bg00005$cNA/A 2009:7562$f0$h0$x2015-10-31
=859  \\$a0183334$bg00001$cb$f0$h0$x2015-10-31
=876  \\$a09ga50062$d20091112$jkat$p09ga50062$r09ga50062$wBOOK$z(ib.) (Til bruk på NB Oslos lesesal)
=876  \\$a09sa16833$d20091112$jkat$p09sa16833$r09sa16833$wBOOK
=901  \\$a90
=913  \\$aNorbok$bNB
=913  \\$aNORLA$bNB

