=LDR  01424cam a2200421 c 4500
=001  990938940664702202
=005  20230531181906.0
=007  ta
=008  121204s2009\\\\xx#|||||||||||000|f|hun|\
=014  1\$a093894066$b(NO-TrBIB)
=015  \\$a1007002$2nbf
=020  \\$a9789632441276$qh.
=035  \\$a(EXLNZ-47BIBSYS_NETWORK)990938940664702201
=035  \\$a(NO-TrBIB)093894066
=035  \\$a093894066-47bibsys_network
=035  \\$a09ga52021-47bibsys_nb
=040  \\$aNO-OsNB$bnob$ekatreg
=041  1\$hnob
=042  \\$anorbibl
=044  \\$chu
=082  74$a839.823$qNO-OsNB$25/nor
=100  1\$aFossum, Karin$d1954-$0(NO-TrBIB)90608300
=245  10$aIndiai feleség$cKarin Fossum ; [fordította: Szöll#dosi Adrienne]
=246  1\$aElskede Poona$iOriginaltittel
=260  \\$aBudapest$bScolar$c2009
=300  \\$a365 s.
=490  1\$aScolar krimik
=500  \\$aUndertittel på omslaget: Sejer felügyel#do történetei
=655  \7$aRomaner$0(uri)https://id.nb.no/vocabulary/ntsf/258$2ntsf
=700  1\$aAdrienne, Szöllűosi$4trl
=830  \0$aScolar krimik
=852  8\$b0030100$cg00005$hNA/A 2010:1072
=859  \\$a0030100$bg00005$cNA/A 2010:1072$f0$h0$x2015-10-31
=876  \\$a09ga52021$d20091207$jkat$p09ga52021$r09ga52021$wBOOK$xKiP. 2 eks fra Norla, 1 sendt Depot$z(h.) (Til bruk på NB Oslos lesesal)
=901  \\$a90
=913  \\$aNorbok$bNB
=960  \\$an$9LOCAL
=997  \\$an$9LOCAL

