=LDR  01366cam a2200409 c 4500
=001  990938942104702202
=005  20230531181906.0
=007  ta
=008  110826s2009\\\\xx#|||||||||||000|f|dut|\
=014  1\$a09389421x$b(NO-TrBIB)
=015  \\$a1006746$2nbf
=020  \\$a9789022323885$qh.
=020  \\$a9789041415585$qh.
=035  \\$a(EXLNZ-47BIBSYS_NETWORK)990938942104702201
=035  \\$a(NO-TrBIB)09389421x
=035  \\$a09389421x-47bibsys_network
=035  \\$a09ga52025-47bibsys_nb
=040  \\$aNO-OsNB$bnob$ekatreg
=041  1\$hnob
=042  \\$anorbibl
=044  \\$cbe
=082  74$a839.823$qNO-OsNB$25/nor
=100  1\$aFossum, Karin$d1954-$0(NO-TrBIB)90608300
=245  10$aKwade wil$cKarin Fossum ; vertaald door Annemarie Smit
=246  1\$aDen onde viljen$iOriginaltittel
=260  \\$aAntwerpen$bManteau$ccop. 2009
=300  \\$a200 s.
=500  \\$aPå omslaget: Konrad Sejer-thriller
=655  \7$aRomaner$0(uri)https://id.nb.no/vocabulary/ntsf/258$2ntsf
=700  1\$aSmit, Annemarie$4trl
=852  8\$b0030100$cg00005$hNA/A 2010:1087
=859  \\$a0030100$bg00005$cNA/A 2010:1087$f0$h0$x2015-10-31
=876  \\$a09ga52025$d20091207$jkat$p09ga52025$r09ga52025$wBOOK$xKiP. 2 eks fra Norla, 1 sendt Depot$z(h.) (Til bruk på NB Oslos lesesal)
=901  \\$a90
=913  \\$aNorbok$bNB
=960  \\$an$9LOCAL
=997  \\$an$9LOCAL

