=LDR  01299cam a2200385 c 4500
=001  990939095944702202
=005  20230531181922.0
=007  ta
=008  110826s2009\\\\xx#|||||||||||000|f|pol|\
=014  1\$a093909594$b(NO-TrBIB)
=015  \\$a1006324$2nbf
=020  \\$a9788324012688$qh.
=035  \\$a(EXLNZ-47BIBSYS_NETWORK)990939095944702201
=035  \\$a(NO-TrBIB)093909594
=035  \\$a093909594-47bibsys_network
=035  \\$a09ga53881-47bibsys_nb
=040  \\$aNO-OsNB$bnob$ekatreg
=041  1\$hnob
=042  \\$anorbibl
=044  \\$cpl
=082  74$a839.823$qNO-OsNB$25/nor
=100  1\$aFossum, Karin$d1954-$0(NO-TrBIB)90608300
=245  10$aUtracona$cKarin Fossum ; przekład Arkadiusz Nakoniecznik
=246  1\$aElskede Poona$iOriginaltittel
=260  \\$aKraków$bZnak$c2009
=300  \\$a271 s.
=655  \7$aRomaner$0(uri)https://id.nb.no/vocabulary/ntsf/258$2ntsf
=700  1\$aNakoniecznik, Arkadiusz$4trl
=852  8\$b0030100$cg00005$hNA/A 2010:665
=859  \\$a0030100$bg00005$cNA/A 2010:665$f0$h0$x2015-10-31
=876  \\$a09ga53881$d20091208$jkat$p09ga53881$r09ga53881$wBOOK$xKiP. 1 eks fra CappelenDamm 2 eks fra Norla, sendt NB/DEP$z(h.) (Til bruk på NB Oslos lesesal)
=901  \\$a90
=913  \\$aNorbok$bNB
=960  \\$an$9LOCAL
=997  \\$an$9LOCAL

