=LDR  01276cam a2200385 c 4500
=001  990939104104702202
=005  20230531181925.0
=007  ta
=008  110826s2009\\\\xx#|||||||||||000|f|pol|\
=014  1\$a09391041x$b(NO-TrBIB)
=015  \\$a1006321$2nbf
=020  \\$a9788324011605$qh.
=035  \\$a(EXLNZ-47BIBSYS_NETWORK)990939104104702201
=035  \\$a(NO-TrBIB)09391041x
=035  \\$a09391041x-47bibsys_network
=035  \\$a09ga53900-47bibsys_nb
=040  \\$aNO-OsNB$bnob$ekatreg
=041  1\$hnob
=042  \\$anorbibl
=044  \\$cpl
=082  74$a839.823$qNO-OsNB$25/nor
=100  1\$aFossum, Karin$d1954-$0(NO-TrBIB)90608300
=245  10$aZa podszeptem diabła$cKarin Fossum ; przekład Anna Topczewska
=246  1\$aDjevelen holder lyset$iOriginaltittel
=260  \\$aKraków$bZnak$c2009
=300  \\$a225 s.
=655  \7$aRomaner$0(uri)https://id.nb.no/vocabulary/ntsf/258$2ntsf
=700  1\$aTopczewska, Anna$4trl
=852  8\$b0030100$cg00005$hNA/A 2010:664
=859  \\$a0030100$bg00005$cNA/A 2010:664$f0$h0$x2015-10-31
=876  \\$a09ga53900$d20091208$jkat$p09ga53900$r09ga53900$wBOOK$xKiP. 1 eks fra CappelenDamm$z(h.) (Til bruk på NB Oslos lesesal)
=901  \\$a90
=913  \\$aNorbok$bNB
=960  \\$an$9LOCAL
=997  \\$an$9LOCAL

