=LDR  01415cam a2200433 c 4500
=001  990939720754702202
=005  20230531182046.0
=007  ta
=008  131112s2009\\\\xx#|||||||||||000|f|swe|\
=014  1\$a093972075$b(NO-TrBIB)
=015  \\$a1006777$2nbf
=020  \\$a9789170017322$qh.
=035  \\$a(EXLNZ-47BIBSYS_NETWORK)990939720754702201
=035  \\$a(NO-TrBIB)093972075
=035  \\$a093972075-47bibsys_network
=035  \\$a09ga54689-47bibsys_nb
=040  \\$aNO-OsNB$bnob$ekatreg
=041  1\$hnob
=042  \\$anorbibl
=044  \\$cse
=082  74$a839.823$qNO-OsNB$25/nor
=100  1\$aFossum, Karin$d1954-$0(NO-TrBIB)90608300
=245  14$aDen onda viljan$cKarin Fossum ; översättning Helena Örnkloo och Ulf Örnkloo
=246  1\$aDen onde viljen$iOriginaltittel
=260  \\$a[Stockholm]$bMånpocket$c2009
=300  \\$a205 s.
=490  1\$aMånpocket
=500  \\$a"En Konrad Sejer-deckare" - Omslaget
=655  \7$aRomaner$0(uri)https://id.nb.no/vocabulary/ntsf/258$2ntsf
=700  1\$aÖrnkloo, Helena$4trl
=700  1\$aÖrnkloo, Ulf$4trl
=830  \0$aMånpocket
=852  8\$b0030100$cg00005$hNA/A 2010:1090
=859  \\$a0030100$bg00005$cNA/A 2010:1090$f0$h0$x2015-10-31
=876  \\$a09ga54689$d20100121$jkat$p09ga54689$r09ga54689$wBOOK$xHe$z(h.) (Til bruk på NB Oslos lesesal)
=901  \\$a90
=913  \\$aNorbok$bNB
=960  \\$an$9LOCAL
=997  \\$an$9LOCAL

