=LDR  01468cam a2200409 c 4500
=001  991001341574702202
=005  20230531182738.0
=007  ta
=008  110826s2007\\\\xx#|||||||||||000|f|eng|\
=014  1\$a100134157$b(NO-TrBIB)
=015  \\$a1007321$2nbf
=020  \\$a9780156033367$qh.
=035  \\$a(EXLNZ-47BIBSYS_NETWORK)991001341574702201
=035  \\$a(NO-TrBIB)100134157
=035  \\$a100134157-47bibsys_network
=035  \\$a10ga02942-47bibsys_nb
=040  \\$aNO-OsNB$bnob$ekatreg
=041  1\$hnob
=042  \\$anorbibl
=044  \\$cus
=082  74$a839.823$qNO-OsNB$25/nor
=100  1\$aFossum, Karin$d1954-$0(NO-TrBIB)90608300
=245  14$aThe Indian bride$cKarin Fossum ; translated from the Norwegian by Charlotte Barslund
=246  1\$aElskede Poona$iOriginaltittel
=260  \\$aOrlando, Fla.$bHarcourt$c[2007]
=300  \\$a310 s.
=500  \\$aUndertittel på omslaget: An inspector Sejer mystery
=655  \7$aRomaner$0(uri)https://id.nb.no/vocabulary/ntsf/258$2ntsf
=700  1\$aBarslund, Charlotte$4trl
=852  8\$b0030100$cg00005$hNA/A 2010:1331
=856  42$3Omslagsbilde$uhttps://contents.bibs.aws.unit.no/files/images/large/7/6/9780156033367.jpg$qimage/jpeg
=859  \\$a0030100$bg00005$cNA/A 2010:1331$f0$h0$x2015-10-31
=876  \\$a10ga02942$d20100127$jkat$p10ga02942$r10ga02942$wBOOK$xKiP$z(h.) (Til bruk på NB Oslos lesesal)
=901  \\$a90
=913  \\$aNorbok$bNB
=960  \\$an$9LOCAL
=997  \\$an$9LOCAL

