=LDR  01401cam a2200397 c 4500
=001  991001341904702202
=005  20230531182738.0
=007  ta
=008  110826s2009\\\\xx#|||||||||||000|f|eng|\
=014  1\$a10013419x$b(NO-TrBIB)
=015  \\$a1007183$2nbf
=020  \\$a9780156034043$qh.
=035  \\$a(EXLNZ-47BIBSYS_NETWORK)991001341904702201
=035  \\$a(NO-TrBIB)10013419x
=035  \\$a10013419x-47bibsys_network
=035  \\$a10ga02943-47bibsys_nb
=040  \\$aNO-OsNB$bnob$ekatreg
=041  1\$hnob
=042  \\$anorbibl
=044  \\$cus
=082  74$a839.823$qNO-OsNB$25/nor
=100  1\$aFossum, Karin$d1954-$0(NO-TrBIB)90608300
=245  10$aBlack seconds$cKarin Fossum ; translated from the Norwegian by Charlotte Barslund
=246  1\$aSvarte sekunder$iOriginaltittel
=260  \\$aBoston, Mass.$bMariner Books$c2009
=300  \\$a266 s.
=655  \7$aRomaner$0(uri)https://id.nb.no/vocabulary/ntsf/258$2ntsf
=700  1\$aBarslund, Charlotte$4trl
=852  8\$b0030100$cg00005$hNA/A 2010:1330
=856  42$3Omslagsbilde$uhttps://contents.bibs.aws.unit.no/files/images/large/3/4/9780156034043.jpg$qimage/jpeg
=859  \\$a0030100$bg00005$cNA/A 2010:1330$f0$h0$x2015-10-31
=876  \\$a10ga02943$d20100127$jkat$p10ga02943$r10ga02943$wBOOK$xKiP$z(h.) (Til bruk på NB Oslos lesesal)
=901  \\$a90
=913  \\$aNorbok$bNB
=960  \\$an$9LOCAL
=997  \\$an$9LOCAL

