=LDR  01521cam a2200421 c 4500
=001  991001342704702202
=005  20230531182740.0
=007  ta
=008  110826s2009\\\\xx#|||||||||||000|f|eng|\
=014  1\$a100134270$b(NO-TrBIB)
=015  \\$a1012459$2nbf
=020  \\$a9780547336114$qh.
=035  \\$a(EXLNZ-47BIBSYS_NETWORK)991001342704702201
=035  \\$a(NO-TrBIB)100134270
=035  \\$a100134270-47bibsys_network
=035  \\$a10ga02945-47bibsys_nb
=040  \\$aNO-OsNB$bnob$ekatreg
=041  1\$hnob
=042  \\$anorbibl
=044  \\$cus
=082  74$a839.823$qNO-OsNB$25/nor
=100  1\$aFossum, Karin$d1954-$0(NO-TrBIB)90608300
=245  14$aThe water's edge$cKarin Fossum ; translated from the Norwegian by Charlotte Barslund
=246  1\$aDen som elsker noe annet$iOriginaltittel
=260  \\$aBoston, Mass.$bMariner Books$c2009
=300  \\$a227 s.
=490  1\$aAn Inspector Sejer mystery
=655  \7$aRomaner$0(uri)https://id.nb.no/vocabulary/ntsf/258$2ntsf
=700  1\$aBarslund, Charlotte$4trl
=800  1\$aFossum, Karin$tAn Inspector Sejer mystery$d1954-
=852  8\$b0030100$cg00005$hNA/A 2010:5374
=856  42$3Omslagsbilde$uhttps://contents.bibs.aws.unit.no/files/images/large/4/1/9780547336114.jpg$qimage/jpeg
=859  \\$a0030100$bg00005$cNA/A 2010:5374$f0$h0$x2015-10-31
=876  \\$a10ga02945$d20100812$jkat$p10ga02945$r10ga02945$wBOOK$xKiP$z(h.) (Til bruk på NB Oslos lesesal)
=901  \\$a90
=913  \\$aNorbok$bNB
=960  \\$an$9LOCAL
=997  \\$an$9LOCAL

