=LDR  01319cam a2200385 c 4500
=001  991001343004702202
=005  20230531182741.0
=007  ta
=008  110826s2010\\\\xx#|||||||||||000|f|eng|\
=014  1\$a100134300$b(NO-TrBIB)
=015  \\$a1012717$2nbf
=020  \\$a9780151013661$qib.
=035  \\$a(EXLNZ-47BIBSYS_NETWORK)991001343004702201
=035  \\$a(NO-TrBIB)100134300
=035  \\$a100134300-47bibsys_network
=035  \\$a10ga02946-47bibsys_nb
=040  \\$aNO-OsNB$bnob$ekatreg
=041  1\$hnob
=042  \\$anorbibl
=044  \\$cgb
=082  74$a839.823$qNO-OsNB$25/nor
=100  1\$aFossum, Karin$d1954-$0(NO-TrBIB)90608300
=245  10$aBroken$cKarin Fossum ; translated from the Norwegian by Charlotte Barslund
=246  1\$aBrudd$iOriginaltittel
=260  \\$aBoston, Mass.$bHoughton Mifflin Harcourt$c2010
=300  \\$a265 s.
=655  \7$aRomaner$0(uri)https://id.nb.no/vocabulary/ntsf/258$2ntsf
=700  1\$aBarslund, Charlotte$4trl
=852  8\$b0030100$cg00005$hNA/A 2010:5385
=859  \\$a0030100$bg00005$cNA/A 2010:5385$f0$h0$x2015-10-31
=876  \\$a10ga02946$d20100812$jkat$p10ga02946$r10ga02946$wBOOK$xutk. aug 2010, overvåkes. KiP  2 ex best$z(ib.) (Til bruk på NB Oslos lesesal)
=901  \\$a90
=913  \\$aNorbok$bNB
=960  \\$an$9LOCAL
=997  \\$an$9LOCAL

