=LDR  02384cam a2200541 c 4500
=001  991004964744702202
=005  20230531183619.0
=007  cr||||||||||||
=007  ta
=008  140731s2010\\\\no#|||||\|||||000|f|nob|\
=014  1\$a100496474$b(NO-TrBIB)
=014  1\$a100496474$b(NO-TrBIB)
=020  \\$a9788202324179$qh.$cNkr 129.00
=035  \\$a(EXLNZ-47BIBSYS_NETWORK)991004964744702201
=035  \\$a(NO-OsBA)0255615
=035  \\$a(NO-TrBIB)100496474
=035  \\$a(NO-TrBIB)143104195
=035  \\$a100496474-47bibsys_network
=035  \\$a10g001811-47bibsys_nb
=035  \\$a10g001971-47bibsys_nb
=040  \\$aNO-OsNB$bnob$ekatreg
=042  \\$anorbibl
=044  \\$cno
=082  04$a839.82$223
=082  74$a839.823$qNO-OsNB$25/nor
=100  1\$aFossum, Karin$d1954-$0(NO-TrBIB)90608300
=245  10$aVarsleren$cKarin Fossum
=260  \\$a[Oslo]$bCappelen Damm$c2010
=300  \\$a267 s.
=500  \\$a1. utg. 2009
=533  \\$aElektronisk reproduksjon$b[Norge]$cNasjonalbiblioteket Digital$d2014-06-19
=655  \7$aRomaner$0(uri)https://id.nb.no/vocabulary/ntsf/258$2ntsf
=852  8\$b0030100$cg00005$hNA/A 2010:1687
=852  8\$b0183334$cg00001$hc
=856  40$3$yNB Digital$uhttp://urn.nb.no/URN:NBN:no-nb_digibok_2014061906029$z
=856  41$3Fulltekst$uhttps://urn.nb.no/URN:NBN:no-nb_digibok_2014061906029$yNettbiblioteket$zDigital representasjon
=856  42$3Forlagets beskrivelse (kort)$uhttps://contents.bibs.aws.unit.no/?isbn=8202324173
=856  42$3Forlagets beskrivelse (kort)$uhttps://contents.bibs.aws.unit.no/?isbn=9788202324179
=856  42$3Forlagets beskrivelse (lang)$uhttps://contents.bibs.aws.unit.no/content/?isbn=9788202324179
=856  42$3Miniatyrbilde$uhttps://contents.bibs.aws.unit.no/files/images/small/9/7/9788202324179.jpg$qimage/jpeg
=856  42$3Omslagsbilde$uhttps://contents.bibs.aws.unit.no/files/images/large/9/7/9788202324179.jpg$qimage/jpeg
=856  42$3Originalt bilde$uhttps://contents.bibs.aws.unit.no/files/images/original/9/7/9788202324179.jpg$qimage/jpeg
=859  \\$a0030100$bg00005$cNA/A 2010:1687$f0$h0$x2015-10-31
=859  \\$a0183334$bg00001$cc$f0$h0$x2015-10-31
=876  \\$a10g001811$d20100310$jkat$p10g001811$r10g001811$wBOOK
=876  \\$a10g001971$d20100310$jkat$p10g001971$r10g001971$wBOOK$z(h.) (Til bruk på NB Oslos lesesal)
=901  \\$a90
=913  \\$aNorbok$bNB

