=LDR  01442cim a2200409 c 4500
=001  991006859514702202
=005  20160811094450.0
=007  sd\f||||||||||
=008  110826s2010\\\\xx#||||\|||||||f#|||swe|\
=014  1\$a100685951$b(NO-TrBIB)
=015  \\$a1008307$2nbf
=020  \\$a9789174330090
=035  \\$a(EXLNZ-47BIBSYS_NETWORK)991006859514702201
=035  \\$a(NO-TrBIB)100685951
=035  \\$a100685951-47bibsys_network
=035  \\$a10g006593-47bibsys_nb
=040  \\$aNO-OsNB$bnob$ekatreg
=041  1\$hnob$dswe
=042  \\$anorbibl
=044  \\$cse
=082  74$a839.823$qNO-OsNB$25/nor
=100  1\$aFossum, Karin$d1954-$0(NO-TrBIB)90608300
=245  10$aDöden skall du tåla$cKarin Fossum ; [översättning: Ulf och Helena Örnkloo]$h[lydopptak]
=246  1\$aVarsleren$iOriginaltittel
=260  \\$a[Stockholm]$bBonnier Audio$c2010
=300  \\$a7 plater (CD) (ca 8 t)$bdigital$c12 cm, i eske
=500  \\$aLest av Torsten Wahlund
=700  1\$aÖrnkloo, Helena$4trl
=700  1\$aÖrnkloo, Ulf$4trl
=700  1\$aWahlund, Torsten$emedarb.$0(NO-TrBIB)9009073
=852  8\$b0030100$cg00005$hqSmåtr. 2194
=859  \\$a0030100$bg00005$cqSmåtr. 2194$f0$h0$x2015-10-31
=876  \\$a10g006593$d20100322$jkat$p10g006593$r10g006593$wCD$xGave fra Cappelen Damm. 2 eks mottatt. GGB$z(CD-plater) (Til bruk på NB Oslos lesesal)
=901  \\$a90
=913  \\$aNorbok$bNB
=960  \\$an$9LOCAL
=997  \\$an$9LOCAL

