=LDR  01345cim a2200385 c 4500
=001  991006861504702202
=005  20160811094450.0
=007  sd\f||||||||||
=008  110826s2009\\\\xx#||||\|||||||f#|||dan|\
=014  1\$a10068615x$b(NO-TrBIB)
=015  \\$a1008308$2nbf
=035  \\$a(EXLNZ-47BIBSYS_NETWORK)991006861504702201
=035  \\$a(NO-TrBIB)10068615x
=035  \\$a10068615x-47bibsys_network
=035  \\$a10g006605-47bibsys_nb
=040  \\$aNO-OsNB$bnob$ekatreg
=041  1\$hnob$ddan
=042  \\$anorbibl
=044  \\$cdk
=082  74$a839.823$qNO-OsNB$25/nor
=100  1\$aFossum, Karin$d1954-$0(NO-TrBIB)90608300
=245  10$aSorte sekunder$cKarin Fossum$h[lydopptak]
=246  1\$aSvarte sekunder$iOriginaltittel
=260  \\$aKøbenhavn$bGyldendal lyd$c2009
=300  \\$a1 plate (CD-MP3) (8 t, 54 min)$bdigital$c12 cm, i eske
=500  \\$aOversatt av Bjarne Nielsen ; lest av Torsten Adler
=700  1\$aAdler, Torsten$emedarb.$0(NO-TrBIB)5012083
=700  1\$aNielsen, Bjarne$4trl
=852  8\$b0030100$cg00005$hSmåtr. 1747
=859  \\$a0030100$bg00005$cSmåtr. 1747$f0$h0$x2015-10-31
=876  \\$a10g006605$d20100322$jkat$p10g006605$r10g006605$wCD$xGave fra Cappelen Damm. GGB$z(CD-plate) (Til bruk på NB Oslos lesesal)
=901  \\$a90
=913  \\$aNorbok$bNB
=960  \\$an$9LOCAL
=997  \\$an$9LOCAL

