=LDR  01337cim a2200385 c 4500
=001  991006867104702202
=005  20160811094425.0
=007  sd\f||||||||||
=008  110826s2009\\\\xx#||||\|||||||f#|||dan|\
=014  1\$a100686710$b(NO-TrBIB)
=015  \\$a1008315$2nbf
=035  \\$a(EXLNZ-47BIBSYS_NETWORK)991006867104702201
=035  \\$a(NO-TrBIB)100686710
=035  \\$a100686710-47bibsys_network
=035  \\$a10g006649-47bibsys_nb
=040  \\$aNO-OsNB$bnob$ekatreg
=041  1\$hnob$ddan
=042  \\$anorbibl
=044  \\$cdk
=082  74$a839.823$qNO-OsNB$25/nor
=100  1\$aFossum, Karin$d1954-$0(NO-TrBIB)90608300
=245  10$aElskede Poona$cKarin Fossum$h[lydopptak]
=246  1\$aElskede Poona$iOriginaltittel
=260  \\$aKøbenhavn$bGyldendal lyd$c2009
=300  \\$a1 plate (CD-MP3) (11 t, 6 min)$bdigital$c12 cm, i eske
=500  \\$aOversatt av Ida Jessen ; lest av Jan Wilhelmsen
=700  1\$aJessen, Ida$4trl
=700  1\$aWilhelmsen, Jan$emedarb.$0(NO-TrBIB)90761919
=852  8\$b0030100$cg00005$hSmåtr. 1747
=859  \\$a0030100$bg00005$cSmåtr. 1747$f0$h0$x2015-10-31
=876  \\$a10g006649$d20100322$jkat$p10g006649$r10g006649$wCD$xGave fra Cappelen Damm. GGB$z(CD-plate) (Til bruk på NB Oslos lesesal)
=901  \\$a90
=913  \\$aNorbok$bNB
=960  \\$an$9LOCAL
=997  \\$an$9LOCAL

