=LDR  01363cim a2200385 c 4500
=001  991006869744702202
=005  20160811094425.0
=007  sd\f||||||||||
=008  110826s2009\\\\xx#||||\|||||||f#|||dan|\
=014  1\$a100686974$b(NO-TrBIB)
=015  \\$a1008316$2nbf
=035  \\$a(EXLNZ-47BIBSYS_NETWORK)991006869744702201
=035  \\$a(NO-TrBIB)100686974
=035  \\$a100686974-47bibsys_network
=035  \\$a10g006672-47bibsys_nb
=040  \\$aNO-OsNB$bnob$ekatreg
=041  1\$hnob$ddan
=042  \\$anorbibl
=044  \\$cdk
=082  74$a839.823$qNO-OsNB$25/nor
=100  1\$aFossum, Karin$d1954-$0(NO-TrBIB)90608300
=245  10$aDrabet på Harriet Krohn$cKarin Fossum$h[lydopptak]
=246  1\$aDrapet på Harriet Krohn$iOriginaltittel
=260  \\$aKøbenhavn$bGyldendal lyd$c2009
=300  \\$a1 plate (CD-MP3) (7 t, 54 min)$bdigital$c12 cm, i eske
=500  \\$aOversatt av Ida Jessen ; lest av Dan Schlosser
=700  1\$aJessen, Ida$4trl
=700  1\$aSchlosser, Dan$d1956-$emedarb.$0(NO-TrBIB)5098517
=852  8\$b0030100$cg00005$hSmåtr. 1747
=859  \\$a0030100$bg00005$cSmåtr. 1747$f0$h0$x2015-10-31
=876  \\$a10g006672$d20100322$jkat$p10g006672$r10g006672$wCD$xGave fra Cappelen Damm. GGB$z(CD-plate) (Til bruk på NB Oslos lesesal)
=901  \\$a90
=913  \\$aNorbok$bNB
=960  \\$an$9LOCAL
=997  \\$an$9LOCAL

