=LDR  01379cim a2200385 c 4500
=001  991006871134702202
=005  20160811094425.0
=007  sd\f||||||||||
=008  110826s2009\\\\xx#||||\|||||||f#|||dan|\
=014  1\$a100687113$b(NO-TrBIB)
=015  \\$a1008309$2nbf
=035  \\$a(EXLNZ-47BIBSYS_NETWORK)991006871134702201
=035  \\$a(NO-TrBIB)100687113
=035  \\$a100687113-47bibsys_network
=035  \\$a10g006676-47bibsys_nb
=040  \\$aNO-OsNB$bnob$ekatreg
=041  1\$hnob$ddan
=042  \\$anorbibl
=044  \\$cdk
=082  74$a839.823$qNO-OsNB$25/nor
=100  1\$aFossum, Karin$d1954-$0(NO-TrBIB)90608300
=245  10$aDen som elsker noget andet$cKarin Fossum$h[lydopptak]
=246  1\$aDen som elsker noe annet$iOriginaltittel
=260  \\$aKøbenhavn$bGyldendal lyd$c2009
=300  \\$a1 plate (CD-MP3) (6 t, 24 min)$bdigital$c12 cm, i eske
=500  \\$aOversatt av Hanne Richardt Beck ; lest av Henrik Jandorf
=700  1\$aBeck, Hanne Richardt$4trl
=700  1\$aJandorf, Henrik$emedarb.$0(NO-TrBIB)10018837
=852  8\$b0030100$cg00005$hSmåtr. 1747
=859  \\$a0030100$bg00005$cSmåtr. 1747$f0$h0$x2015-10-31
=876  \\$a10g006676$d20100322$jkat$p10g006676$r10g006676$wCD$xGave fra Cappelen Damm. GGB$z(CD-plate) (Til bruk på NB Oslos lesesal)
=901  \\$a90
=913  \\$aNorbok$bNB
=960  \\$an$9LOCAL
=997  \\$an$9LOCAL

