=LDR  02514cam a2200565 c 4500
=001  991007141614702202
=005  20230531184218.0
=007  cr||||||||||||
=007  ta
=008  131001s2010\\\\no#|||||\|||||000|f|nob|\
=014  1\$a100714161$b(NO-TrBIB)
=014  1\$a100714161$b(NO-TrBIB)
=020  \\$a9788202324254$qh.$cNkr 139.00
=035  \\$a(EXLNZ-47BIBSYS_NETWORK)991007141614702201
=035  \\$a(NO-OsBA)0256456
=035  \\$a(NO-TrBIB)100714161
=035  \\$a(NO-TrBIB)131401912
=035  \\$a100714161-47bibsys_network
=035  \\$a10g011347-47bibsys_nb
=035  \\$a10g011348-47bibsys_nb
=040  \\$aNO-OsNB$bnob$ekatreg
=042  \\$anorbibl
=044  \\$cno
=082  04$a839.82$223
=082  74$a839.823$qNO-OsNB$25/nor
=100  1\$aFossum, Karin$d1954-$0(NO-TrBIB)90608300
=245  10$aDen som frykter ulven$cKarin Fossum
=260  \\$a[Oslo]$bCappelen Damm$c2010
=300  \\$a252 s.
=490  1\$aEn Konrad Sejer-krim$vnr. 3
=500  \\$a1. utg. Oslo : Cappelen, 1997
=533  \\$aElektronisk reproduksjon$b[Norge]$cNasjonalbiblioteket Digital$d2013-03-05
=655  \7$aRomaner$0(uri)https://id.nb.no/vocabulary/ntsf/258$2ntsf
=800  1\$aFossum, Karin$tEn Konrad Sejer-krim$vnr. 3$d1954-
=852  8\$b0030100$cg00005$hNA/A 2010:3062
=852  8\$b0183334$cg00001$hc
=856  40$3$yNB Digital$uhttp://urn.nb.no/URN:NBN:no-nb_digibok_2013030505044$z
=856  41$3Fulltekst$uhttps://urn.nb.no/URN:NBN:no-nb_digibok_2013030505044$yNettbiblioteket$zDigital representasjon
=856  42$3Forlagets beskrivelse (kort)$uhttps://contents.bibs.aws.unit.no/?isbn=8202324254
=856  42$3Forlagets beskrivelse (kort)$uhttps://contents.bibs.aws.unit.no/?isbn=9788202324254
=856  42$3Forlagets beskrivelse (lang)$uhttps://contents.bibs.aws.unit.no/?isbn=9788202324254
=856  42$3Miniatyrbilde$uhttps://contents.bibs.aws.unit.no/files/images/small/4/5/9788202324254.jpg$qimage/jpeg
=856  42$3Omslagsbilde$uhttps://contents.bibs.aws.unit.no/files/images/large/4/5/9788202324254.jpg$qimage/jpeg
=856  42$3Originalt bilde$uhttps://contents.bibs.aws.unit.no/files/images/original/4/5/9788202324254.jpg$qimage/jpeg
=859  \\$a0030100$bg00005$cNA/A 2010:3062$f0$h0$x2015-10-31
=859  \\$a0183334$bg00001$cc$f0$h0$x2015-10-31
=876  \\$a10g011347$d20100409$jkat$p10g011347$r10g011347$wBOOK
=876  \\$a10g011348$d20100409$jkat$p10g011348$r10g011348$wBOOK$z(h.)(Til bruk på NB Oslos lesesal)
=901  \\$a90
=913  \\$aNorbok$bNB

