=LDR  02514cam a2200565 c 4500
=001  991007141704702202
=005  20230531184219.0
=007  cr||||||||||||
=007  ta
=008  130128s2010\\\\no#|||||\|||||000|f|nob|\
=014  1\$a10071417x$b(NO-TrBIB)
=014  1\$a10071417x$b(NO-TrBIB)
=020  \\$a9788202324261$qh.$cNkr 139.00
=035  \\$a(EXLNZ-47BIBSYS_NETWORK)991007141704702201
=035  \\$a(NO-OsBA)0256457
=035  \\$a(NO-TrBIB)10071417x
=035  \\$a(NO-TrBIB)130488984
=035  \\$a10071417x-47bibsys_network
=035  \\$a10g011344-47bibsys_nb
=035  \\$a10g011345-47bibsys_nb
=040  \\$aNO-OsNB$bnob$ekatreg
=042  \\$anorbibl
=044  \\$cno
=082  04$a839.82$223
=082  74$a839.823$qNO-OsNB$25/nor
=100  1\$aFossum, Karin$d1954-$0(NO-TrBIB)90608300
=245  10$aDjevelen holder lyset$cKarin Fossum
=260  \\$a[Oslo]$bCappelen Damm$c2010
=300  \\$a223 s.
=490  1\$aEn Konrad Sejer-krim$vnr. 4
=500  \\$a1. utg. Oslo : Cappelen, 1998
=533  \\$aElektronisk reproduksjon$b[Norge]$cNasjonalbiblioteket Digital$d2012-12-05
=655  \7$aRomaner$0(uri)https://id.nb.no/vocabulary/ntsf/258$2ntsf
=800  1\$aFossum, Karin$tEn Konrad Sejer-krim$vnr. 4$d1954-
=852  8\$b0030100$cg00005$hNA/A 2010:2763
=852  8\$b0183334$cg00001$hc
=856  40$3$yNB Digital$uhttp://urn.nb.no/URN:NBN:no-nb_digibok_2012120508022$z
=856  41$3Fulltekst$uhttps://urn.nb.no/URN:NBN:no-nb_digibok_2012120508022$yNettbiblioteket$zDigital representasjon
=856  42$3Forlagets beskrivelse (kort)$uhttps://contents.bibs.aws.unit.no/?isbn=8202324262
=856  42$3Forlagets beskrivelse (kort)$uhttps://contents.bibs.aws.unit.no/?isbn=9788202324261
=856  42$3Forlagets beskrivelse (lang)$uhttps://contents.bibs.aws.unit.no/?isbn=9788202324261
=856  42$3Miniatyrbilde$uhttps://contents.bibs.aws.unit.no/files/images/small/1/6/9788202324261.jpg$qimage/jpeg
=856  42$3Omslagsbilde$uhttps://contents.bibs.aws.unit.no/files/images/large/1/6/9788202324261.jpg$qimage/jpeg
=856  42$3Originalt bilde$uhttps://contents.bibs.aws.unit.no/files/images/original/1/6/9788202324261.jpg$qimage/jpeg
=859  \\$a0030100$bg00005$cNA/A 2010:2763$f0$h0$x2015-10-31
=859  \\$a0183334$bg00001$cc$f0$h0$x2015-10-31
=876  \\$a10g011344$d20100409$jkat$p10g011344$r10g011344$wBOOK
=876  \\$a10g011345$d20100409$jkat$p10g011345$r10g011345$wBOOK$z(h.)(Til bruk på NB Oslos lesesal)
=901  \\$a90
=913  \\$aNorbok$bNB

