=LDR  02482cam a2200553 c 4500
=001  991007141964702202
=005  20230531184219.0
=007  ta
=008  140102s2010\\\\no#|||||||||||000|f|nob|\
=014  1\$a100714196$b(NO-TrBIB)
=014  1\$a100714196$b(NO-TrBIB)
=020  \\$a9788202324230$qh.$cNkr 139.00
=035  \\$a(EXLNZ-47BIBSYS_NETWORK)991007141964702201
=035  \\$a(NO-OsBA)0256459
=035  \\$a(NO-TrBIB)100714196
=035  \\$a100714196-47bibsys_network
=035  \\$a10g011012-47bibsys_nb
=035  \\$a10g011013-47bibsys_nb
=040  \\$aNO-OsNB$bnob$ekatreg
=042  \\$anorbibl
=044  \\$cno
=082  04$a839.82$223
=082  74$a839.823$qNO-OsNB$25/nor
=100  1\$aFossum, Karin$d1954-$0(NO-TrBIB)90608300
=245  10$aEvas øye$cKarin Fossum
=260  \\$a[Oslo]$bCappelen Damm$c2010
=300  \\$a303 s.
=490  1\$aEn Konrad Sejer-krim$vnr. 1
=500  \\$a1. utg. Oslo : Cappelen, 1995
=533  \\$aElektronisk reproduksjon$b[Norge]$cNasjonalbiblioteket Digital$d2013-10-24
=655  \7$aRomaner$0(uri)https://id.nb.no/vocabulary/ntsf/258$2ntsf
=776  0\$tEvas øye$w991333408564702201
=800  1\$aFossum, Karin$tEn Konrad Sejer-krim$v1$d1954-
=852  8\$b0030100$cg00005$hNA/A 2010:2668
=852  8\$b0183334$cg00001$hc
=856  40$3$yNB Digital$uhttp://urn.nb.no/URN:NBN:no-nb_digibok_2013102407250$z
=856  41$3Fulltekst$uhttps://urn.nb.no/URN:NBN:no-nb_digibok_2013102407250$yNettbiblioteket$zDigital representasjon
=856  42$3Forlagets beskrivelse (kort)$uhttps://contents.bibs.aws.unit.no/?isbn=8202324238
=856  42$3Forlagets beskrivelse (kort)$uhttps://contents.bibs.aws.unit.no/?isbn=9788202324230
=856  42$3Forlagets beskrivelse (lang)$uhttps://contents.bibs.aws.unit.no/?isbn=9788202324230
=856  42$3Miniatyrbilde$uhttps://contents.bibs.aws.unit.no/files/images/small/0/3/9788202324230.jpg$qimage/jpeg
=856  42$3Omslagsbilde$uhttps://contents.bibs.aws.unit.no/files/images/large/0/3/9788202324230.jpg$qimage/jpeg
=856  42$3Originalt bilde$uhttps://contents.bibs.aws.unit.no/files/images/original/0/3/9788202324230.jpg$qimage/jpeg
=859  \\$a0030100$bg00005$cNA/A 2010:2668$f0$h0$x2015-10-31
=859  \\$a0183334$bg00001$cc$f0$h0$x2015-10-31
=876  \\$a10g011012$d20100408$jkat$p10g011012$r10g011012$wBOOK
=876  \\$a10g011013$d20100408$jkat$p10g011013$r10g011013$wBOOK$z(h.) (Til bruk på NB Oslos lesesal)
=901  \\$a90
=913  \\$aNorbok$bNB

