=LDR  02494cam a2200553 c 4500
=001  991007142004702202
=005  20230531184219.0
=007  cr||||||||||||
=007  ta
=008  140508s2010\\\\no#|||||\|||||000|f|nob|\
=014  1\$a10071420x$b(NO-TrBIB)
=014  1\$a10071420x$b(NO-TrBIB)
=020  \\$a9788202324247$qh.$cNkr 139.00
=035  \\$a(EXLNZ-47BIBSYS_NETWORK)991007142004702201
=035  \\$a(NO-OsBA)0256461
=035  \\$a(NO-TrBIB)10071420x
=035  \\$a(NO-TrBIB)134454413
=035  \\$a10071420x-47bibsys_network
=035  \\$a10g011557-47bibsys_nb
=035  \\$a10g011558-47bibsys_nb
=040  \\$aNO-OsNB$bnob$ekatreg
=042  \\$anorbibl
=044  \\$cno
=082  74$a839.823$qNO-OsNB$25/nor
=100  1\$aFossum, Karin$d1954-$0(NO-TrBIB)90608300
=245  10$aSe deg ikke tilbake!$cKarin Fossum
=260  \\$a[Oslo]$bCappelen Damm$c2010
=300  \\$a272 s.
=490  1\$aEn Konrad Sejer-krim$vnr. 2
=500  \\$a1. utg. Oslo : Cappelen, 1996
=533  \\$aElektronisk reproduksjon$b[Norge]$cNasjonalbiblioteket Digital$d2013-12-03
=655  \7$aRomaner$0(uri)https://id.nb.no/vocabulary/ntsf/258$2ntsf
=800  1\$aFossum, Karin$tEn Konrad Sejer-krim$vnr. 2$d1954-
=852  8\$b0030100$cg00005$hNA/A 2010:2761
=852  8\$b0183334$cg00001$hc
=856  40$3$yNB Digital$uhttp://urn.nb.no/URN:NBN:no-nb_digibok_2013120305024$z
=856  41$3Fulltekst$uhttps://urn.nb.no/URN:NBN:no-nb_digibok_2013120305024$yNettbiblioteket$zDigital representasjon
=856  42$3Forlagets beskrivelse (kort)$uhttps://contents.bibs.aws.unit.no/?isbn=8202324246
=856  42$3Forlagets beskrivelse (kort)$uhttps://contents.bibs.aws.unit.no/?isbn=9788202324247
=856  42$3Forlagets beskrivelse (lang)$uhttps://contents.bibs.aws.unit.no/content/?isbn=9788202324247
=856  42$3Miniatyrbilde$uhttps://contents.bibs.aws.unit.no/files/images/small/7/4/9788202324247.jpg$qimage/jpeg
=856  42$3Omslagsbilde$uhttps://contents.bibs.aws.unit.no/files/images/large/7/4/9788202324247.jpg$qimage/jpeg
=856  42$3Originalt bilde$uhttps://contents.bibs.aws.unit.no/files/images/original/7/4/9788202324247.jpg$qimage/jpeg
=859  \\$a0030100$bg00005$cNA/A 2010:2761$f0$h0$x2015-10-31
=859  \\$a0183334$bg00001$cc$f0$h0$x2015-10-31
=876  \\$a10g011557$d20100409$jkat$p10g011557$r10g011557$wBOOK
=876  \\$a10g011558$d20100409$jkat$p10g011558$r10g011558$wBOOK$z(h.)(Til bruk på NB Oslos lesesal)
=901  \\$a90
=913  \\$aNorbok$bNB

