=LDR  02488cam a2200553 c 4500
=001  991007317754702202
=005  20230531184249.0
=007  cr||||||||||||
=007  ta
=008  131207s2010\\\\no#|||||\|||||000|f|nob|\
=014  1\$a100731775$b(NO-TrBIB)
=014  1\$a100731775$b(NO-TrBIB)
=020  \\$a9788202324278$qh.$cNkr 139.00
=035  \\$a(EXLNZ-47BIBSYS_NETWORK)991007317754702201
=035  \\$a(NO-OsBA)0256581
=035  \\$a(NO-TrBIB)100731775
=035  \\$a(NO-TrBIB)134017137
=035  \\$a100731775-47bibsys_network
=035  \\$a10g064061-47bibsys_nb
=035  \\$a10g092205-47bibsys_nb
=040  \\$aNO-OsNB$bnob$ekatreg
=042  \\$anorbibl
=044  \\$cno
=082  74$a839.823$qNO-OsNB$25/nor
=100  1\$aFossum, Karin$d1954-$0(NO-TrBIB)90608300
=245  10$aElskede Poona$cKarin Fossum
=260  \\$a[Oslo]$bCappelen Damm$c2010
=300  \\$a269 s.
=490  1\$aEn Konrad Sejer-krim$vnr. 5
=500  \\$a1. utg. Oslo : Cappelen, 2000
=533  \\$aElektronisk reproduksjon$b[Norge]$cNasjonalbiblioteket Digital$d2013-11-05
=655  \7$aRomaner$0(uri)https://id.nb.no/vocabulary/ntsf/258$2ntsf
=800  1\$aFossum, Karin$tEn Konrad Sejer-krim$vnr. 5$d1954-
=852  8\$b0030100$cg00005$hNA/A 2010:6705
=852  8\$b0183334$cg00001$hc
=856  40$3$yNB Digital$uhttp://urn.nb.no/URN:NBN:no-nb_digibok_2013110506061$z
=856  41$3Fulltekst$uhttps://urn.nb.no/URN:NBN:no-nb_digibok_2013110506061$yNettbiblioteket$zDigital representasjon
=856  42$3Forlagets beskrivelse (kort)$uhttps://contents.bibs.aws.unit.no/?isbn=8202324270
=856  42$3Forlagets beskrivelse (kort)$uhttps://contents.bibs.aws.unit.no/?isbn=9788202324278
=856  42$3Forlagets beskrivelse (lang)$uhttps://contents.bibs.aws.unit.no/content/?isbn=9788202324278
=856  42$3Miniatyrbilde$uhttps://contents.bibs.aws.unit.no/files/images/small/8/7/9788202324278.jpg$qimage/jpeg
=856  42$3Omslagsbilde$uhttps://contents.bibs.aws.unit.no/files/images/large/8/7/9788202324278.jpg$qimage/jpeg
=856  42$3Originalt bilde$uhttps://contents.bibs.aws.unit.no/files/images/original/8/7/9788202324278.jpg$qimage/jpeg
=859  \\$a0030100$bg00005$cNA/A 2010:6705$f0$h0$x2015-10-31
=859  \\$a0183334$bg00001$cc$f0$h0$x2015-10-31
=876  \\$a10g064061$d20100921$jkat$p10g064061$r10g064061$wBOOK
=876  \\$a10g092205$d20100921$jkat$p10g092205$r10g092205$wBOOK$z(h.) (Til bruk på NB Oslos lesesal)
=901  \\$a90
=913  \\$aNorbok$bNB

