=LDR  01870cam a2200517 c 4500
=001  991009764254702202
=005  20230531184855.0
=007  ta
=008  110826s2010\\\\sp\|||||||||||000|f|spa|\
=014  1\$a100976425$b(NO-TrBIB)
=015  \\$a1009438$2nbf
=020  \\$a9788499083506$qh.
=035  \\$a(EXLNZ-47BIBSYS_NETWORK)991009764254702201
=035  \\$a(NO-TrBIB)100976425
=035  \\$a100976425-47bibsys_network
=035  \\$a10g023151-47bibsys_nb
=040  \\$aNO-OsNB$bnob$ekatreg
=041  1\$anob$hnob
=042  \\$anorbibl
=044  \\$ces
=082  74$a839.823$qNO-OsNB$25/nor
=100  1\$aFossum, Karin$d1954-$0(NO-TrBIB)90608300
=245  13$aEl ojo de Eva$cKarin Fossum ; traducción de Kirsti Baggethun, Asunción Lorenzo Torres
=246  1\$aEvas øye$iOriginaltittel
=260  \\$aBarcelona$bDebolsillo$c2010
=300  \\$a247 s.
=490  1\$aBestseller
=490  1\$aBiblioteca Karin Fossum
=490  1\$aInspector Sejer$v1
=500  \\$aNummer på ryggen: 529/1
=500  \\$aOpplagshistorikk: 3. oppl. 2018
=655  \7$aRomaner$0(uri)https://id.nb.no/vocabulary/ntsf/258$2ntsf
=700  1\$aBaggethun, Kirsti$d1944-$0(NO-TrBIB)90584630$4trl
=700  1\$aLorenzo, Asunción$0(NO-TrBIB)6021783$4trl
=800  1\$aFossum, Karin$d1954-$tBiblioteca Karin Fossum$0(NO-TrBIB)90608300
=800  1\$aFossum, Karin$d1954-$tInspector Sejer$v1$0(NO-TrBIB)90608300
=830  \0$aBestseller
=852  8\$b0030100$cg00005$hNA/A 2010:3110
=852  8\$b0030100$cg00005$hNA/A 2017:5378
=852  8\$b0030100$cg00005$hNA/A 2023:2012
=859  \\$a0030100$bg00005$cNA/A 2010:3110$f0$h0$x2015-10-31
=876  \\$a10g023151$d20100504$jkat$p10g023151$r10g023151$wBOOK$xKip. 3 eks i gave fra CappelenDamm$z(h.) (Til bruk på NB Oslos lesesal)
=901  \\$a90
=913  \\$aNorbok$bNB
=960  \\$an$9local
=997  \\$an$9local

