=LDR  01295cam a2200397 c 4500
=001  991009772004702202
=005  20230531184855.0
=007  ta
=008  110826s2010\\\\xx#|||||||||||000|f|fin|\
=014  1\$a100977200$b(NO-TrBIB)
=015  \\$a1009445$2nbf
=020  \\$a9789510362532$qib.
=035  \\$a(EXLNZ-47BIBSYS_NETWORK)991009772004702201
=035  \\$a(NO-TrBIB)100977200
=035  \\$a100977200-47bibsys_network
=035  \\$a10g023167-47bibsys_nb
=040  \\$aNO-OsNB$bnob$ekatreg
=041  1\$hnob
=042  \\$anorbibl
=044  \\$cfi
=082  74$a839.823$qNO-OsNB$25/nor
=100  1\$aFossum, Karin$d1954-$0(NO-TrBIB)90608300
=245  10$aVaroitus$cKarin Fossum ; suomentanut Tarja Teva
=246  1\$aVarsleren$iOriginaltittel
=260  \\$aHelsinki$bJohnny Kniga$c2010
=300  \\$a287 s.
=500  \\$a"Konrad Sejer-romaani"
=655  \7$aRomaner$0(uri)https://id.nb.no/vocabulary/ntsf/258$2ntsf
=700  1\$aTeva, Tarja$4trl
=852  8\$b0030100$cg00005$hNA/A 2010:3113
=859  \\$a0030100$bg00005$cNA/A 2010:3113$f0$h0$x2015-10-31
=876  \\$a10g023167$d20100504$jkat$p10g023167$r10g023167$wBOOK$xKiP, 1 eks fra CappelenDamm$z(ib.) (Til bruk på NB Oslos lesesal)
=901  \\$a90
=913  \\$aNorbok$bNB
=960  \\$an$9LOCAL
=997  \\$an$9LOCAL

