=LDR  01477cam a2200433 c 4500
=001  991011896804702202
=005  20230531185514.0
=007  ta
=008  110826s2010\\\\xx#|||||||||||000|f|swe|\
=014  1\$a101189680$b(NO-TrBIB)
=015  \\$a1107342$2nbf
=020  \\$a9789143507331$qib.
=035  \\$a(EXLNZ-47BIBSYS_NETWORK)991011896804702201
=035  \\$a(NO-TrBIB)101189680
=035  \\$a101189680-47bibsys_network
=035  \\$a10g035161-47bibsys_nb
=040  \\$aNO-OsNB$bnob$ekatreg
=041  1\$hnob
=042  \\$anorbibl
=044  \\$cse
=082  74$a839.823$qNO-OsNB$25/nor
=100  1\$aFossum, Karin$d1954-$0(NO-TrBIB)90608300
=245  14$aDen onda viljan$cKarin Fossum ; översättning Helena Örnkloo och Ulf Örnkloo
=246  1\$aDen onde viljen$iOriginaltittel
=250  \\$a[Ny utg.]
=260  \\$aStockholm$bForum$c2010
=300  \\$a205 s.
=490  1\$aEn Konrad Sejer-deckare
=655  \7$aRomaner$0(uri)https://id.nb.no/vocabulary/ntsf/258$2ntsf
=700  1\$aÖrnkloo, Helena$4trl$0(NO-TrBIB)11042884
=700  1\$aÖrnkloo, Ulf$d1934-$4trl$0(NO-TrBIB)90137513
=800  1\$aFossum, Karin$tEn Konrad Sejer-deckare$d1954-
=852  8\$b0030100$cg00005$hNA/A 2011:301
=859  \\$a0030100$bg00005$cNA/A 2011:301$f0$h0$x2015-10-31
=876  \\$a10g035161$d20101006$jkat$p10g035161$r10g035161$wBOOK$xKiP$z(ib.) (Til bruk på NB Oslos lesesal)
=901  \\$a90
=913  \\$aNorbok$bNB
=960  \\$an$9LOCAL
=997  \\$an$9LOCAL

