=LDR  01509cam a2200433 c 4500
=001  991011897024702202
=005  20230531185514.0
=007  ta
=008  150218s2010\\\\xx#|||||||||||000|f|swe|\
=014  1\$a101189702$b(NO-TrBIB)
=015  \\$a1107329$2nbf
=020  \\$a9789137135632$qib.
=035  \\$a(EXLNZ-47BIBSYS_NETWORK)991011897024702201
=035  \\$a(NO-TrBIB)101189702
=035  \\$a101189702-47bibsys_network
=035  \\$a10g035163-47bibsys_nb
=040  \\$aNO-OsNB$bnob$ekatreg
=041  1\$hnob
=042  \\$anorbibl
=044  \\$cse
=082  74$a839.823$qNO-OsNB$25/nor
=100  1\$aFossum, Karin$d1954-$0(NO-TrBIB)90608300
=245  10$aDöden skall du tåla$cKarin Fossum ; översättning Helena Örnkloo och Ulf Örnkloo
=246  1\$aVarsleren$iOriginaltittel
=260  \\$aStockholm$bForum$c2010
=300  \\$a268 s.
=490  1\$a[En Konrad Sejer-deckare]
=500  \\$aSerietittel fra løst omslag
=655  \7$aRomaner$0(uri)https://id.nb.no/vocabulary/ntsf/258$2ntsf
=700  1\$aÖrnkloo, Helena$4trl$0(NO-TrBIB)11042884
=700  1\$aÖrnkloo, Ulf$d1934-$4trl$0(NO-TrBIB)90137513
=800  1\$aFossum, Karin$tEn Konrad Sejer-deckare$d1954-
=852  8\$b0030100$cg00005$hNA/A 2011:300
=859  \\$a0030100$bg00005$cNA/A 2011:300$f0$h0$x2015-10-31
=876  \\$a10g035163$d20101006$jkat$p10g035163$r10g035163$wBOOK$xKiP  2 ex best$z(ib.) (Til bruk på NB Oslos lesesal)
=901  \\$a90
=913  \\$aNorbok$bNB
=960  \\$an$9LOCAL
=997  \\$an$9LOCAL

