=LDR  02535cam a2200553 c 4500
=001  991012698624702202
=005  20230531185729.0
=007  cr||||||||||||
=007  ta
=008  130406s2010\\\\no\|||||\|||||000|f|nob|\
=014  1\$a101269862$b(NO-TrBIB)
=014  1\$a101269862$b(NO-TrBIB)
=020  \\$a9788202324902$qh.$cNkr 139.00
=035  \\$a(EXLNZ-47BIBSYS_NETWORK)991012698624702201
=035  \\$a(NO-OsBA)0259348
=035  \\$a(NO-TrBIB)101269862
=035  \\$a(NO-TrBIB)131319604
=035  \\$a101269862-47bibsys_network
=035  \\$a10g047764-47bibsys_nb
=035  \\$a10g047767-47bibsys_nb
=040  \\$aNO-OsNB$bnob$ekatreg
=042  \\$anorbibl
=044  \\$cno
=082  74$a839.823$qNO-OsNB$25/nor
=100  1\$aFossum, Karin$d1954-$0(NO-TrBIB)90608300
=245  10$aDen som elsker noe annet :$bkriminalroman$cKarin Fossum
=260  \\$a[Oslo]$bCappelen Damm$c2010
=300  \\$a226 s.
=490  1\$aEn Konrad Sejer-krim$vnr. 8
=500  \\$a1. utg. Oslo : Cappelen, 2007
=533  \\$aElektronisk reproduksjon$b[Norge]$cNasjonalbiblioteket Digital$d2013-02-26
=655  \7$aRomaner$0(uri)https://id.nb.no/vocabulary/ntsf/258$2ntsf
=800  1\$aFossum, Karin$d1954-$tEn Konrad Sejer-krim$vnr. 8$0(NO-TrBIB)90608300
=852  8\$b0030100$cg00005$hNA/A 2010:4770
=852  8\$b0183334$cg00001$hc
=856  40$3$yNB Digital$uhttp://urn.nb.no/URN:NBN:no-nb_digibok_2013022606000$z
=856  41$3Fulltekst$uhttps://urn.nb.no/URN:NBN:no-nb_digibok_2013022606000$yNettbiblioteket$zDigital representasjon
=856  42$3Forlagets beskrivelse (kort)$uhttps://contents.bibs.aws.unit.no/?isbn=8202324904
=856  42$3Forlagets beskrivelse (kort)$uhttps://contents.bibs.aws.unit.no/?isbn=9788202324902
=856  42$3Forlagets beskrivelse (lang)$uhttps://contents.bibs.aws.unit.no/content/?isbn=9788202324902
=856  42$3Miniatyrbilde$uhttps://contents.bibs.aws.unit.no/files/images/small/2/0/9788202324902.jpg$qimage/jpeg
=856  42$3Omslagsbilde$uhttps://contents.bibs.aws.unit.no/files/images/large/2/0/9788202324902.jpg$qimage/jpeg
=856  42$3Originalt bilde$uhttps://contents.bibs.aws.unit.no/files/images/original/2/0/9788202324902.jpg$qimage/jpeg
=859  \\$a0030100$bg00005$cNA/A 2010:4770$f0$h0$x2015-10-31
=859  \\$a0183334$bg00001$cc$f0$h0$x2015-10-31
=876  \\$a10g047764$d20100618$jkat$p10g047764$r10g047764$wBOOK
=876  \\$a10g047767$d20100618$jkat$p10g047767$r10g047767$wBOOK$z(h.)(Til bruk på NB Oslos lesesal)
=901  \\$a90
=913  \\$aNorbok$bNB

