=LDR  02515cam a2200553 c 4500
=001  991012698704702202
=005  20230531185730.0
=007  cr||||||||||||
=007  ta
=008  131017s2010\\\\no#|||||\|||||000|f|nob|\
=014  1\$a101269870$b(NO-TrBIB)
=014  1\$a101269870$b(NO-TrBIB)
=020  \\$a9788202324896$qh.$cNkr 139.00
=035  \\$a(EXLNZ-47BIBSYS_NETWORK)991012698704702201
=035  \\$a(NO-OsBA)0259349
=035  \\$a(NO-TrBIB)101269870
=035  \\$a(NO-TrBIB)133066436
=035  \\$a101269870-47bibsys_network
=035  \\$a10g047700-47bibsys_nb
=035  \\$a10g047701-47bibsys_nb
=040  \\$aNO-OsNB$bnob$ekatreg
=042  \\$anorbibl
=044  \\$cno
=082  74$a839.823$qNO-OsNB$25/nor
=100  1\$aFossum, Karin$d1954-$0(NO-TrBIB)90608300
=245  10$aDrapet på Harriet Krohn :$bkriminalroman$cKarin Fossum
=260  \\$a[Oslo]$bCappelen Damm$c2010
=300  \\$a239 s.
=490  1\$aEn Konrad Sejer-krim$vnr. 7
=500  \\$a1. utg. Oslo : Cappelen, 2004
=533  \\$aElektronisk reproduksjon$b[Norge]$cNasjonalbiblioteket Digital$d2013-08-20
=655  \7$aRomaner$0(uri)https://id.nb.no/vocabulary/ntsf/258$2ntsf
=800  1\$aFossum, Karin$tEn Konrad Sejer-krim$vnr. 7$d1954-
=852  8\$b0030100$cg00005$hNA/A 2010:4749
=852  8\$b0183334$cg00001$hc
=856  40$3$yNB Digital$uhttp://urn.nb.no/URN:NBN:no-nb_digibok_2013082008041$z
=856  41$3Fulltekst$uhttps://urn.nb.no/URN:NBN:no-nb_digibok_2013082008041$yNettbiblioteket$zDigital representasjon
=856  42$3Forlagets beskrivelse (kort)$uhttps://contents.bibs.aws.unit.no/?isbn=8202324890
=856  42$3Forlagets beskrivelse (kort)$uhttps://contents.bibs.aws.unit.no/?isbn=9788202324896
=856  42$3Forlagets beskrivelse (lang)$uhttps://contents.bibs.aws.unit.no/content/?isbn=9788202324896
=856  42$3Miniatyrbilde$uhttps://contents.bibs.aws.unit.no/files/images/small/6/9/9788202324896.jpg$qimage/jpeg
=856  42$3Omslagsbilde$uhttps://contents.bibs.aws.unit.no/files/images/large/6/9/9788202324896.jpg$qimage/jpeg
=856  42$3Originalt bilde$uhttps://contents.bibs.aws.unit.no/files/images/original/6/9/9788202324896.jpg$qimage/jpeg
=859  \\$a0030100$bg00005$cNA/A 2010:4749$f0$h0$x2015-10-31
=859  \\$a0183334$bg00001$cc$f0$h0$x2015-10-31
=876  \\$a10g047700$d20100618$jkat$p10g047700$r10g047700$wBOOK
=876  \\$a10g047701$d20100618$jkat$p10g047701$r10g047701$wBOOK$z(h.)(Til bruk på NB Oslos lesesal)
=901  \\$a90
=913  \\$aNorbok$bNB

