=LDR  02472cam a2200553 c 4500
=001  991012698894702202
=005  20230531185730.0
=007  cr||||||||||||
=007  ta
=008  120910s2010\\\\no#|||||\|||||000|f|nob|\
=014  1\$a101269889$b(NO-TrBIB)
=014  1\$a101269889$b(NO-TrBIB)
=020  \\$a9788202324919$qh.$cNkr 139.00
=035  \\$a(EXLNZ-47BIBSYS_NETWORK)991012698894702201
=035  \\$a(NO-OsBA)0259350
=035  \\$a(NO-TrBIB)101269889
=035  \\$a(NO-TrBIB)121895246
=035  \\$a101269889-47bibsys_network
=035  \\$a10g047758-47bibsys_nb
=035  \\$a10g047759-47bibsys_nb
=040  \\$aNO-OsNB$bnob$ekatreg
=042  \\$anorbibl
=044  \\$cno
=082  74$a839.823$qNO-OsNB$25/nor
=100  1\$aFossum, Karin$d1954-$0(NO-TrBIB)90608300
=245  14$aDen onde viljen$cKarin Fossum
=260  \\$a[Oslo]$bCappelen Damm$c2010
=300  \\$a191 s.
=490  1\$aEn Konrad Sejer-krim$vnr. 9
=500  \\$a1. utg. 2008
=533  \\$aElektronisk reproduksjon$b[Norge]$cNasjonalbiblioteket Digital$d2012-06-25
=655  \7$aRomaner$0(uri)https://id.nb.no/vocabulary/ntsf/258$2ntsf
=800  1\$aFossum, Karin$tEn Konrad Sejer-krim$vnr. 9$d1954-
=852  8\$b0030100$cg00005$hNA/A 2010:4763
=852  8\$b0183334$cg00001$hc
=856  40$3$yNB Digital$uhttp://urn.nb.no/URN:NBN:no-nb_digibok_2012062505090$z
=856  41$3Fulltekst$uhttps://urn.nb.no/URN:NBN:no-nb_digibok_2012062505090$yNettbiblioteket$zDigital representasjon
=856  42$3Forlagets beskrivelse (kort)$uhttps://contents.bibs.aws.unit.no/?isbn=8202324912
=856  42$3Forlagets beskrivelse (kort)$uhttps://contents.bibs.aws.unit.no/?isbn=9788202324919
=856  42$3Forlagets beskrivelse (lang)$uhttps://contents.bibs.aws.unit.no/content/?isbn=9788202324919
=856  42$3Miniatyrbilde$uhttps://contents.bibs.aws.unit.no/files/images/small/9/1/9788202324919.jpg$qimage/jpeg
=856  42$3Omslagsbilde$uhttps://contents.bibs.aws.unit.no/files/images/large/9/1/9788202324919.jpg$qimage/jpeg
=856  42$3Originalt bilde$uhttps://contents.bibs.aws.unit.no/files/images/original/9/1/9788202324919.jpg$qimage/jpeg
=859  \\$a0030100$bg00005$cNA/A 2010:4763$f0$h0$x2015-10-31
=859  \\$a0183334$bg00001$cc$f0$h0$x2015-10-31
=876  \\$a10g047758$d20100618$jkat$p10g047758$r10g047758$wBOOK
=876  \\$a10g047759$d20100618$jkat$p10g047759$r10g047759$wBOOK$z(h.)(Til bruk på NB Oslos lesesal)
=901  \\$a90
=913  \\$aNorbok$bNB

