=LDR  02468cam a2200553 c 4500
=001  991012698974702202
=005  20230531185731.0
=007  cr||||||||||||
=007  ta
=008  130514s2010\\\\no#|||||\|||||000|f|nob|\
=014  1\$a101269897$b(NO-TrBIB)
=014  1\$a101269897$b(NO-TrBIB)
=020  \\$a9788202332716$qh.$cNkr 139.00
=035  \\$a(EXLNZ-47BIBSYS_NETWORK)991012698974702201
=035  \\$a(NO-OsBA)0259351
=035  \\$a(NO-TrBIB)101269897
=035  \\$a(NO-TrBIB)131539760
=035  \\$a101269897-47bibsys_network
=035  \\$a10g047781-47bibsys_nb
=035  \\$a10g047784-47bibsys_nb
=040  \\$aNO-OsNB$bnob$ekatreg
=042  \\$anorbibl
=044  \\$cno
=082  74$a839.823$qNO-OsNB$25/nor
=100  1\$aFossum, Karin$d1954-$0(NO-TrBIB)90608300
=245  10$aVarsleren$cKarin Fossum
=260  \\$a[Oslo]$bCappelen Damm$c2010
=300  \\$a267 s.
=490  1\$aEn Konrad Sejer-krim$vnr. 10
=500  \\$a1. utg. 2009
=533  \\$aElektronisk reproduksjon$b[Norge]$cNasjonalbiblioteket Digital$d2013-04-08
=655  \7$aRomaner$0(uri)https://id.nb.no/vocabulary/ntsf/258$2ntsf
=800  1\$aFossum, Karin$tEn Konrad Sejer-krim$vnr. 10$d1954-
=852  8\$b0030100$cg00005$hNA/A 2010:4756
=852  8\$b0183334$cg00001$hc
=856  40$3$yNB Digital$uhttp://urn.nb.no/URN:NBN:no-nb_digibok_2013040806027$z
=856  41$3Fulltekst$uhttps://urn.nb.no/URN:NBN:no-nb_digibok_2013040806027$yNettbiblioteket$zDigital representasjon
=856  42$3Forlagets beskrivelse (kort)$uhttps://contents.bibs.aws.unit.no/?isbn=8202332710
=856  42$3Forlagets beskrivelse (kort)$uhttps://contents.bibs.aws.unit.no/?isbn=9788202332716
=856  42$3Forlagets beskrivelse (lang)$uhttps://contents.bibs.aws.unit.no/content/?isbn=9788202332716
=856  42$3Miniatyrbilde$uhttps://contents.bibs.aws.unit.no/files/images/small/6/1/9788202332716.jpg$qimage/jpeg
=856  42$3Omslagsbilde$uhttps://contents.bibs.aws.unit.no/files/images/large/6/1/9788202332716.jpg$qimage/jpeg
=856  42$3Originalt bilde$uhttps://contents.bibs.aws.unit.no/files/images/original/6/1/9788202332716.jpg$qimage/jpeg
=859  \\$a0030100$bg00005$cNA/A 2010:4756$f0$h0$x2015-10-31
=859  \\$a0183334$bg00001$cc$f0$h0$x2015-10-31
=876  \\$a10g047781$d20100618$jkat$p10g047781$r10g047781$wBOOK
=876  \\$a10g047784$d20100618$jkat$p10g047784$r10g047784$wBOOK$z(h.)(Til bruk på NB Oslos lesesal)
=901  \\$a90
=913  \\$aNorbok$bNB

