=LDR  01329cam a2200421 c 4500
=001  991016160074702202
=005  20230531190222.0
=007  ta
=008  110826s2010\\\\xx#|||||||||||000|f|dan|\
=014  1\$a101616007$b(NO-TrBIB)
=015  \\$a1016374$2nbf
=020  \\$a9788779557512$qh.
=035  \\$a(EXLNZ-47BIBSYS_NETWORK)991016160074702201
=035  \\$a(NO-TrBIB)101616007
=035  \\$a101616007-47bibsys_network
=035  \\$a10g064152-47bibsys_nb
=040  \\$aNO-OsNB$bnob$ekatreg
=041  1\$hnob
=042  \\$anorbibl
=044  \\$cdk
=082  74$a839.823$qNO-OsNB$25/nor
=100  1\$aFossum, Karin$d1954-$0(NO-TrBIB)90608300
=245  10$aEvas øje$cKarin Fossum ; oversat af Ida Jessen
=246  1\$aEvas øye$iOriginaltittel
=250  \\$a4. udg.
=260  \\$aÅrhus$bKlim$c2010
=300  \\$a283 s.
=490  1\$aKlim pocket
=655  \7$aRomaner$0(uri)https://id.nb.no/vocabulary/ntsf/258$2ntsf
=700  1\$aJessen, Ida$4trl
=830  \0$aKlim pocket
=852  8\$b0030100$cg00005$hNA/A 2010:7798
=859  \\$a0030100$bg00005$cNA/A 2010:7798$f0$h0$x2015-10-31
=876  \\$a10g064152$d20101123$jkat$p10g064152$r10g064152$wBOOK$xTr.N. Ugefortegnelse nr.25, 2010$z(h.) (Til bruk på NB Oslos lesesal)
=901  \\$a90
=913  \\$aNorbok$bNB
=960  \\$an$9LOCAL
=997  \\$an$9LOCAL

