=LDR  01326cam a2200409 c 4500
=001  991016794244702202
=005  20230531190329.0
=007  ta
=008  110826s2010\\\\xx#|||||||||||000|f|est|\
=014  1\$a101679424$b(NO-TrBIB)
=015  \\$a1012611$2nbf
=020  \\$a9789985657942$qh.
=035  \\$a(EXLNZ-47BIBSYS_NETWORK)991016794244702201
=035  \\$a(NO-TrBIB)101679424
=035  \\$a101679424-47bibsys_network
=035  \\$a10g068050-47bibsys_nb
=040  \\$aNO-OsNB$bnob$ekatreg
=041  1\$hnob
=042  \\$anorbibl
=044  \\$cee
=082  74$a839.823$qNO-OsNB$25/nor
=100  1\$aFossum, Karin$d1954-$0(NO-TrBIB)90608300
=245  10$aEttekuulutaja$cKarin Fossum ; norra keelest tõlkinud Maarja Siiner
=246  1\$aVarsleren$iOriginaltittel
=260  \\$aTallinn$bEesti Raamat$ccop. 2010
=300  \\$a191 s.
=490  1\$aMirabilia
=655  \7$aRomaner$0(uri)https://id.nb.no/vocabulary/ntsf/258$2ntsf
=700  1\$aSiiner, Maarja$4trl
=830  \0$aMirabilia
=852  8\$b0030100$cg00005$hNA/A 2010:5381
=859  \\$a0030100$bg00005$cNA/A 2010:5381$f0$h0$x2015-10-31
=876  \\$a10g068050$d20100812$jkat$p10g068050$r10g068050$wBOOK$xkiP. 2 eks fra norla$z(h.) (Til bruk på NB Oslos lesesal)
=901  \\$a90
=913  \\$aNorbok$bNB
=960  \\$an$9LOCAL
=997  \\$an$9LOCAL

