=LDR  01948cam a2200457 c 4500
=001  991018053224702202
=005  20230531190624.0
=007  ta
=008  110826s2010\\\\xx#|||||||||||000|f|eng|\
=014  1\$a101805322$b(NO-TrBIB)
=015  \\$a1013654$2nbf
=020  \\$a9781846552922$qh.
=035  \\$a(EXLNZ-47BIBSYS_NETWORK)991018053224702201
=035  \\$a(NO-TrBIB)101805322
=035  \\$a101805322-47bibsys_network
=035  \\$a10g094372-47bibsys_nb
=040  \\$aNO-OsNB$bnob$ekatreg
=041  1\$hnob
=042  \\$anorbibl
=044  \\$cgb
=082  74$a839.823$qNO-OsNB$25/nor
=100  1\$aFossum, Karin$d1954-$0(NO-TrBIB)90608300
=245  10$aBad intentions$cKarin Fossum ; translated from the Norwegian by Charlotte Barslund
=246  1\$aDen onde viljen$iOriginaltittel
=260  \\$aLondon$bHarvill Secker$c2010
=300  \\$a184 s.
=655  \7$aRomaner$0(uri)https://id.nb.no/vocabulary/ntsf/258$2ntsf
=700  1\$aBarslund, Charlotte$4trl
=852  8\$b0030100$cg00005$hNA/A 2010:6321
=856  42$3Forlagets beskrivelse (kort)$uhttps://contents.bibs.aws.unit.no/?isbn=1846552923
=856  42$3Forlagets beskrivelse (kort)$uhttps://contents.bibs.aws.unit.no/content/?isbn=9781846552922
=856  42$3Forlagets beskrivelse (lang)$uhttps://contents.bibs.aws.unit.no/?isbn=1846552923
=856  42$3Forlagets beskrivelse (lang)$uhttps://contents.bibs.aws.unit.no/content/?isbn=9781846552922
=856  42$3Omslagsbilde$uhttps://contents.bibs.aws.unit.no/files/images/large/2/2/9781846552922.jpg$qimage/jpeg
=856  42$3Omslagsbilde$uhttps://contents.bibs.aws.unit.no/files/images/small/2/2/9781846552922.jpg$qimage/jpeg
=859  \\$a0030100$bg00005$cNA/A 2010:6321$f0$h0$x2015-10-31
=876  \\$a10g094372$d20100922$jkat$p10g094372$r10g094372$wBOOK$xKiP. To eks fra CappelenDamm$z(h.) (Til bruk på NB Oslos lesesal)
=901  \\$a90
=913  \\$aNorbok$bNB
=960  \\$an$9LOCAL
=997  \\$an$9LOCAL

