=LDR  01336cam a2200397 c 4500
=001  991018053494702202
=005  20230531190625.0
=007  ta
=008  110826s2010\\\\xx#|||||||||||000|f|eng|\
=014  1\$a101805349$b(NO-TrBIB)
=015  \\$a1013882$2nbf
=020  \\$a9781408460986$qib.
=035  \\$a(EXLNZ-47BIBSYS_NETWORK)991018053494702201
=035  \\$a(NO-TrBIB)101805349
=035  \\$a101805349-47bibsys_network
=035  \\$a10g075046-47bibsys_nb
=040  \\$aNO-OsNB$bnob$ekatreg
=041  1\$hnob
=042  \\$anorbibl
=044  \\$cgb
=082  74$a839.823$qNO-OsNB$25/nor
=100  1\$aFossum, Karin$d1954-$0(NO-TrBIB)90608300
=245  14$aThe water's edge$cKarin Fossum ; [English translation ...: Charlotte  Barslund]
=246  1\$aDen som elsker noe annet$iOriginaltittel
=250  \\$aLarge print ed.
=260  \\$a[Bath]$bWindsor$c2010
=300  \\$a248 s.
=655  \7$aRomaner$0(uri)https://id.nb.no/vocabulary/ntsf/258$2ntsf
=700  1\$aBarslund, Charlotte$4trl
=852  8\$b0030100$cg00005$hNA/A 2010:6298
=859  \\$a0030100$bg00005$cNA/A 2010:6298$f0$h0$x2015-10-31
=876  \\$a10g075046$d20100922$jkat$p10g075046$r10g075046$wBOOK$xKiP  1 eks fra CappelenDamm$z(ib.) (Til bruk på NB Oslos lesesal)
=901  \\$a90
=913  \\$aNorbok$bNB
=960  \\$an$9LOCAL
=997  \\$an$9LOCAL

