=LDR  02003cam a2200469 c 4500
=001  991018094174702202
=005  20230531190629.0
=007  ta
=008  110826s2010\\\\xx#|||||||||||000|f|eng|\
=014  1\$a101809417$b(NO-TrBIB)
=015  \\$a1013651$2nbf
=020  \\$a9780099555049$qh.
=035  \\$a(EXLNZ-47BIBSYS_NETWORK)991018094174702201
=035  \\$a(NO-TrBIB)101809417
=035  \\$a101809417-47bibsys_network
=035  \\$a10g075297-47bibsys_nb
=040  \\$aNO-OsNB$bnob$ekatreg
=041  1\$hnob
=042  \\$anorbibl
=044  \\$cgb
=082  74$a839.823$qNO-OsNB$25/nor
=100  1\$aFossum, Karin$d1954-$0(NO-TrBIB)90608300
=245  14$aThe water's edge$cKarin Fossum ; [English translation ...: Charlotte  Barslund]
=246  1\$aDen som elsker noe annet$iOriginaltittel
=260  \\$aLondon$bVintage$c2010
=300  \\$a227 s.
=500  \\$aPå omslaget: An inspector Sejer mystery
=655  \7$aRomaner$0(uri)https://id.nb.no/vocabulary/ntsf/258$2ntsf
=700  1\$aBarslund, Charlotte$4trl
=852  8\$b0030100$cg00005$hNA/A 2010:6320
=856  42$3Forlagets beskrivelse (kort)$uhttps://contents.bibs.aws.unit.no/?isbn=0099555042
=856  42$3Forlagets beskrivelse (kort)$uhttps://contents.bibs.aws.unit.no/content/?isbn=9780099555049
=856  42$3Forlagets beskrivelse (lang)$uhttps://contents.bibs.aws.unit.no/?isbn=0099555042
=856  42$3Forlagets beskrivelse (lang)$uhttps://contents.bibs.aws.unit.no/content/?isbn=9780099555049
=856  42$3Omslagsbilde$uhttps://contents.bibs.aws.unit.no/files/images/large/9/4/9780099555049.jpg$qimage/jpeg
=856  42$3Omslagsbilde$uhttps://contents.bibs.aws.unit.no/files/images/small/9/4/9780099555049.jpg$qimage/jpeg
=859  \\$a0030100$bg00005$cNA/A 2010:6320$f0$h0$x2015-10-31
=876  \\$a10g075297$d20100922$jkat$p10g075297$r10g075297$wBOOK$xKiP  2 eks fra CappelenDamm$z(h.) (Til bruk på NB Oslos lesesal)
=901  \\$a90
=913  \\$aNorbok$bNB
=960  \\$an$9LOCAL
=997  \\$an$9LOCAL

