=LDR  01746cim a2200433 c 4500
=001  991019902944702202
=005  20210701062833.0
=007  sd\f||||||||||
=008  110826s2008\\\\no#||||\|||||||f#|||nob|\
=014  1\$a101990294$b(NO-TrBIB)
=014  1\$a101990294$b(NO-TrBIB)
=015  \\$a1014701$2nbf
=020  \\$z9788278441145$cNkr 349.00
=035  \\$a(EXLNZ-47BIBSYS_NETWORK)991019902944702201
=035  \\$a(NO-TrBIB)101990294
=035  \\$a101990294-47bibsys_network
=035  \\$a10g088842-47bibsys_nb
=035  \\$a10g088843-47bibsys_nb
=040  \\$aNO-OsNB$bnob$ekatreg
=042  \\$anorbibl
=044  \\$cno
=082  74$a839.823$qNO-OsNB$25/nor
=100  1\$aFossum, Karin$d1954-$0(NO-TrBIB)90608300
=245  10$aElskede Poona$cKarin Fossum$h[lydopptak]
=260  \\$a[Oslo]$bCappelen Damm$c2008
=300  \\$a8 plater, (CD) (9 t, 5 min)$bdigital$c12 cm ; i eske
=500  \\$a1. lydbokutg. Billingstad : Fono forl., 2000
=500  \\$aLest av: Trini Lund
=700  1\$aLund, Trini$d1951-$emedarb.$0(NO-TrBIB)98025238
=852  8\$b0030100$cg00005$hqSmåtr. 2277
=852  8\$b0183334$cg00001$hd KZ 2010 1148-1155
=856  42$3Forlagets beskrivelse (lang)$uhttps://contents.bibs.aws.unit.no/content/?isbn=9788278441145
=856  42$3Lydfil$uhttps://contents.bibs.aws.unit.no/files/audio/mp3/5/4/9788278441145.mp3$qaudio/mpeg
=859  \\$a0030100$bg00005$cqSmåtr. 2277$f0$h0$x2015-10-31
=859  \\$a0183334$bg00001$cd KZ 2010 1148-1155$f0$h0$x2015-10-31
=876  \\$a10g088842$d20100914$jkat$p10g088842$r10g088842$wCD$xISBN ok Eva. Får ikke tak i nytt.
=876  \\$a10g088843$d20100914$jkat$p10g088843$r10g088843$wCD$z(CD-plate)(Til bruk på NB Oslos lesesal)
=901  \\$a90
=913  \\$aNorbok$bNB

