=LDR  01401cam a2200409 c 4500
=001  991020221434702202
=005  20230531190811.0
=007  ta
=008  110826s2010\\\\xx#|||||||||||000|f|dut|\
=014  1\$a102022143$b(NO-TrBIB)
=015  \\$a1013611$2nbf
=020  \\$a9789022325254$qh.$qManteau
=020  \\$a9789041416858$qh.$qAnthos
=035  \\$a(EXLNZ-47BIBSYS_NETWORK)991020221434702201
=035  \\$a(NO-TrBIB)102022143
=035  \\$a102022143-47bibsys_network
=035  \\$a10g090083-47bibsys_nb
=040  \\$aNO-OsNB$bnob$ekatreg
=041  1\$hnob
=042  \\$anorbibl
=044  \\$cbe
=082  74$a839.823$qNO-OsNB$25/nor
=100  1\$aFossum, Karin$d1954-$0(NO-TrBIB)90608300
=245  10$aDe waarschuwer$cKarin Fossum ; vertaald door Annemarie Smit
=246  1\$aVarsleren$iOriginaltittel
=260  \\$aAntwerpen$aAmsterdam$bManteau$bAnthos$c2010
=300  \\$a265 s.
=500  \\$aPå omslaget: Konrad Sejer-thriller. Literaire thriller
=655  \7$aRomaner$0(uri)https://id.nb.no/vocabulary/ntsf/258$2ntsf
=700  1\$aSmit, Annemarie$4trl
=852  8\$b0030100$cg00005$hNA/A 2010:6271
=859  \\$a0030100$bg00005$cNA/A 2010:6271$f0$h0$x2015-10-31
=876  \\$a10g090083$d20100917$jkat$p10g090083$r10g090083$wBOOK$xKiP  2 eks fra Norla$z(h.) (Til bruk på NB Oslos lesesal)
=901  \\$a90
=913  \\$aNorbok$bNB
=960  \\$an$9LOCAL
=997  \\$an$9LOCAL

