=LDR  01352cam a2200421 c 4500
=001  991020495304702202
=005  20230531190816.0
=007  ta
=008  111104s2010\\\\xx#|||||||||||000|f|fin|\
=014  1\$a10204953x$b(NO-TrBIB)
=015  \\$a1107261$2nbf
=020  \\$a9789520104696$qh.
=035  \\$a(EXLNZ-47BIBSYS_NETWORK)991020495304702201
=035  \\$a(NO-TrBIB)10204953x
=035  \\$a10204953x-47bibsys_network
=035  \\$a10g091631-47bibsys_nb
=040  \\$aNO-OsNB$bnob$ekatreg
=041  1\$hnob
=042  \\$anorbibl
=044  \\$cfi
=082  74$a839.823$qNO-OsNB$25/nor
=100  1\$aFossum, Karin$d1954-$0(NO-TrBIB)90608300
=245  10$aKen sutta pelkää$cKarin Fossum ; suomennos: Tarja Teva
=246  1\$aDen som frykter ulven$iOriginaltittel
=250  \\$a3. painos
=260  \\$aHelsinki$bLike$c2010
=300  \\$a272 s.
=490  1\$aLike pokkari
=655  \7$aRomaner$0(uri)https://id.nb.no/vocabulary/ntsf/258$2ntsf
=700  1\$aTeva, Tarja$d1967-$4trl$0(NO-TrBIB)11073043
=830  \0$aLike pokkari
=852  8\$b0030100$cg00005$hNA/A 2011:297
=859  \\$a0030100$bg00005$cNA/A 2011:297$f0$h0$x2015-10-31
=876  \\$a10g091631$d20101006$jkat$p10g091631$r10g091631$wBOOK$xKiP$z(h.) (Til bruk på NB Oslos lesesal)
=901  \\$a90
=913  \\$aNorbok$bNB
=960  \\$an$9LOCAL
=997  \\$an$9LOCAL

