=LDR  01354cam a2200397 c 4500
=001  991020495804702202
=005  20230531190816.0
=007  ta
=008  110826s2010\\\\xx#|||||||||||000|f|dan|\
=014  1\$a102049580$b(NO-TrBIB)
=015  \\$a1013718$2nbf
=020  \\$a9788702084634$qib.
=035  \\$a(EXLNZ-47BIBSYS_NETWORK)991020495804702201
=035  \\$a(NO-TrBIB)102049580
=035  \\$a102049580-47bibsys_network
=035  \\$a10g091633-47bibsys_nb
=040  \\$aNO-OsNB$bnob$ekatreg
=041  1\$hnob
=042  \\$anorbibl
=044  \\$cdk
=082  74$a839.823$qNO-OsNB$25/nor
=100  1\$aFossum, Karin$d1954-$0(NO-TrBIB)90608300
=245  10$aVarsleren :$bkriminalroman$cKarin Fossum ; på dansk ved Poul Bratbjerg Hansen
=246  1\$aVarsleren$iOriginaltittel
=260  \\$a[København]$bGyldendal$c2010
=300  \\$a255 s.
=500  \\$aPå løst omslag: En Konrad Sejer krimi
=655  \7$aRomaner$0(uri)https://id.nb.no/vocabulary/ntsf/258$2ntsf
=700  1\$aBratbjerg Hansen, Poul$4trl
=852  8\$b0030100$cg00005$hNA/A 2010:6279
=859  \\$a0030100$bg00005$cNA/A 2010:6279$f0$h0$x2015-10-31
=876  \\$a10g091633$d20100922$jkat$p10g091633$r10g091633$wBOOK$xKiP  Gave fra CappelenDamm$z(ib.) (Til bruk på NB Oslos lesesal)
=901  \\$a90
=913  \\$aNorbok$bNB
=960  \\$an$9LOCAL
=997  \\$an$9LOCAL

