=LDR  01622cam a2200457 c 4500
=001  991020875634702202
=005  20230531190846.0
=007  ta
=008  140820s2010\\\\sp\||||e||||||000|f|spa|\
=014  1\$a102087563$b(NO-TrBIB)
=015  \\$a1013725$2nbf
=020  \\$a978-849-9086-53-8$qh.
=035  \\$a(EXLNZ-47BIBSYS_NETWORK)991020875634702201
=035  \\$a(NO-TrBIB)102087563
=035  \\$a102087563-47bibsys_network
=035  \\$a10g094506-47bibsys_nb
=040  \\$aNO-OsNB$bnob$ekatreg
=041  1\$hnob
=042  \\$anorbibl
=044  \\$ces
=082  74$a839.823$qNO-OsNB$25/nor
=100  1\$aFossum, Karin$d1954-$0(NO-TrBIB)90608300
=245  10$aNo mires atrás$cKarin Fossum ; traducción de Kirsti Baggethun, Asunción Lorenzo Torres
=246  1\$aSe deg ikke tilbake!$iOriginaltittel:
=260  \\$aBarcelona$bDebolsillo$c2010
=300  \\$a299 s.
=490  1\$a[Biblioteca Karin Fossum]
=490  1\$aBestseller
=500  \\$aNummer på ryggen: 529/3
=655  \7$aRomaner$0(uri)https://id.nb.no/vocabulary/ntsf/258$2ntsf
=700  1\$aBaggethun, Kirsti$d1944-$4trl$0(NO-TrBIB)90584630
=700  1\$aLorenzo, Asunción$0(NO-TrBIB)6021783$4trl
=800  1\$aFossum, Karin$d1954-$tBiblioteca Karin Fossum$0(NO-TrBIB)90608300
=830  \0$aBestseller
=852  8\$b0030100$cg00005$hNA/A 2010:6279
=859  \\$a0030100$bg00005$cNA/A 2010:6279$f0$h0$x2015-10-31
=876  \\$a10g094506$d20100922$jkat$p10g094506$r10g094506$wBOOK$xKiP. 1 eks fra CappelenDamm$z(h.) (Til bruk på NB Oslos lesesal)
=901  \\$a90
=913  \\$aNorbok$bNB
=960  \\$an$9local
=997  \\$an$9local

