=LDR  01463cam a2200433 c 4500
=001  991022417084702202
=005  20230531191115.0
=007  ta
=008  131112s2010\\\\xx#|||||||||||000|f|swe|\
=014  1\$a102241708$b(NO-TrBIB)
=015  \\$a1107151$2nbf
=020  \\$a9789170018237$qh.
=035  \\$a(EXLNZ-47BIBSYS_NETWORK)991022417084702201
=035  \\$a(NO-TrBIB)102241708
=035  \\$a102241708-47bibsys_network
=035  \\$a10g101975-47bibsys_nb
=040  \\$aNO-OsNB$bnob$ekatreg
=041  1\$hnob
=042  \\$anorbibl
=044  \\$cse
=082  74$a839.823$qNO-OsNB$25/nor
=100  1\$aFossum, Karin$d1954-$0(NO-TrBIB)90608300
=245  10$aDöden skall du tåla$cKarin Fossum ; översättning: Helena Örnkloo och Ulf Örnkloo
=246  1\$aVarsleren$iOriginaltittel
=260  \\$a[Stockholm]$bMånpocket$c2010
=300  \\$a268 s.
=490  1\$aMånpocket
=500  \\$aPå omslaget: En Konrad Sejer-deckare
=655  \7$aRomaner$0(uri)https://id.nb.no/vocabulary/ntsf/258$2ntsf
=700  1\$aÖrnkloo, Helena$4trl$0(NO-TrBIB)11042884
=700  1\$aÖrnkloo, Ulf$d1934-$4trl$0(NO-TrBIB)90137513
=830  \0$aMånpocket
=852  8\$b0030100$cg00005$hNA/A 2011:185
=859  \\$a0030100$bg00005$cNA/A 2011:185$f0$h0$x2015-10-31
=876  \\$a10g101975$d20110103$jkat$p10g101975$r10g101975$wBOOK$xKiP$z(h.) (Til bruk på NB Oslos lesesal)
=901  \\$a90
=913  \\$aNorbok$bNB
=960  \\$an$9LOCAL
=997  \\$an$9LOCAL

