=LDR  01347cam a2200409 c 4500
=001  991026522364702202
=005  20230531191718.0
=007  ta
=008  111115s2010\\\\xx#|||||||||||000|f|hun|\
=014  1\$a102652236$b(NO-TrBIB)
=015  \\$a1109413$2nbf
=020  \\$a9789632441955$qh.
=035  \\$a(EXLNZ-47BIBSYS_NETWORK)991026522364702201
=035  \\$a(NO-TrBIB)102652236
=035  \\$a102652236-47bibsys_network
=035  \\$a10g129457-47bibsys_nb
=040  \\$aNO-OsNB$bnob$ekatreg
=041  1\$hnob
=042  \\$anorbibl
=044  \\$chu
=082  74$a839.823$qNO-OsNB$25/nor
=100  1\$aFossum, Karin$d1954-$0(NO-TrBIB)90608300
=245  10$aAz ördög tartja a gyertyát$cKarin Fossum ; [fordította: Patat Bence]
=246  1\$aDjevelen holder lyset$iOriginaltittel
=260  \\$aBudapest$bScolar$c2010
=300  \\$a317 s.
=490  1\$aScolar krimik
=655  \7$aRomaner$0(uri)https://id.nb.no/vocabulary/ntsf/258$2ntsf
=700  1\$aPatat, Bence$d1975-$4trl$0(NO-TrBIB)11075030
=830  \0$aScolar krimik
=852  8\$b0030100$cg00005$hNA/A 2011:975
=859  \\$a0030100$bg00005$cNA/A 2011:975$f0$h0$x2015-10-31
=876  \\$a10g129457$d20101203$jkat$p10g129457$r10g129457$wBOOK$xKiP$z(h.) (Til bruk på NB Oslos lesesal)
=901  \\$a90
=913  \\$aNorbok$bNB
=960  \\$an$9LOCAL
=997  \\$an$9LOCAL

