=LDR  01480cam a2200433 c 4500
=001  991105079594702202
=005  20230531192045.0
=007  ta
=008  110826s2011\\\\no\\\\\e\|||||00||f|ger|\
=014  1\$a110507959$b(NO-TrBIB)
=015  \\$a1121692$2nbf
=020  \\$a978-3-492-27188-2$qh.
=035  \\$a(EXLNZ-47BIBSYS_NETWORK)991105079594702201
=035  \\$a(NO-TrBIB)110507959
=035  \\$a110507959-47bibsys_network
=035  \\$a11g001878-47bibsys_nb
=040  \\$aNO-OsNB$bnob$ekatreg
=041  1\$hnob
=042  \\$anorbibl
=044  \\$cde
=082  74$a839.823$qNO-OsNB$25/nor
=100  1\$aFossum, Karin$d1954-$4aut$0(NO-TrBIB)90608300
=245  10$aBöser Wille :$bRoman$cKarin Fossum ; aus dem Norwegischen von Gabriele Haefs
=246  1\$iOriginaltittel:$aDen onde viljen
=260  \\$aMünchen$bPiper$c2011
=300  \\$a222 s.
=490  1\$a[Serie Piper]$v7188
=655  \7$aRomaner$0(uri)https://id.nb.no/vocabulary/ntsf/258$2ntsf
=700  1\$aHaefs, Gabriele$d1953-$4trl$0(NO-TrBIB)90353340
=765  0\$tDen onde viljen$w990824130454702201$z978-82-02-28854-9
=830  \0$a[Serie Piper]$v7188
=852  8\$b0030100$cg00005$hNA/A 2011:4302
=859  \\$a0030100$bg00005$cNA/A 2011:4302$f0$h0$x2015-10-31
=876  \\$a11g001878$d20110531$jkat$p11g001878$r11g001878$wBOOK$xKiP. juni 2011$z(h.) (Til bruk på NB Oslos lesesal)
=901  \\$a90
=913  \\$aNorbok$bNB
=913  \\$aNORLA$bNB
=960  \\$an$9local
=997  \\$an$9local

