=LDR  01562cam a2200457 c 4500
=001  991105309504702202
=005  20230531192103.0
=007  ta
=008  131008s2010\\\\xx#|||||||||||000|f|bul|\
=014  1\$a110530950$b(NO-TrBIB)
=015  \\$a1106660$2nbf
=020  \\$a9789543571970$qh.
=035  \\$a(EXLNZ-47BIBSYS_NETWORK)991105309504702201
=035  \\$a(NO-TrBIB)110530950
=035  \\$a110530950-47bibsys_network
=035  \\$a11g002729-47bibsys_nb
=040  \\$aNO-OsNB$bnob$ekatreg
=041  1\$hnob
=042  \\$anorbibl
=044  \\$cbg
=082  74$a839.823$qNO-OsNB$25/nor
=100  1\$aFossum, Karin$d1954-$0(NO-TrBIB)90608300
=245  10$aKogato djavolŭt dŭrži svešta$cKarin Fosum ; prevela ot norvežki: Zornica Savčeva
=246  1\$aDjevelen holder lyset$iOriginaltittel
=246  14$aDjavolŭt dŭrži svešta
=260  \\$aSofija$bEMAS$c2010
=300  \\$a261 s.
=490  1\$aKriminale$v[6]
=500  \\$aPå omslaget: Slučaite na inspektor Sejer
=655  \7$aRomaner$0(uri)https://id.nb.no/vocabulary/ntsf/258$2ntsf
=700  1\$aSavčeva, Zornica$4trl$0(NO-TrBIB)11056278
=740  0\$aDjavolŭt dŭrži svešta
=740  0\$aSlučaite na inspektor Sejer
=830  \0$aKriminale$v[6]
=852  8\$b0030100$cg00005$hNA/A 2011:177
=859  \\$a0030100$bg00005$cNA/A 2011:177$f0$h0$x2015-10-31
=876  \\$a11g002729$d20110107$jkat$p11g002729$r11g002729$wBOOK$xKiP. 2 eks fra Norla$z(h.) (Til bruk på NB Oslos lesesal)
=901  \\$a90
=913  \\$aNorbok$bNB
=960  \\$an$9LOCAL
=997  \\$an$9LOCAL

