=LDR  01578cam a2200445 c 4500
=001  991110470804702202
=005  20230531192326.0
=007  ta
=008  120626s2010\\\\xx#|||||||||||000|f|eng|\
=014  1\$a111047080$b(NO-TrBIB)
=015  \\$a1112731$2nbf
=020  \\$a9781445853819$qib.
=020  \\$a9781445853826$qh.
=035  \\$a(EXLNZ-47BIBSYS_NETWORK)991110470804702201
=035  \\$a(NO-TrBIB)111047080
=035  \\$a111047080-47bibsys_network
=035  \\$a11g008385-47bibsys_nb
=040  \\$aNO-OsNB$bnob$ekatreg
=041  1\$hnob
=042  \\$anorbibl
=044  \\$cgb
=082  74$a839.823$qNO-OsNB$25/nor
=100  1\$aFossum, Karin$d1954-$0(NO-TrBIB)90608300
=245  10$aBad intentions$cKarin Fossum
=246  1\$aDen onde viljen$iOriginaltittel
=250  \\$aLarge print ed.
=260  \\$a[Bath]$bWindsor/Paragon$c2010
=300  \\$a222 s.
=500  \\$aOversatt av Charlotte Barslund
=655  \7$aRomaner$0(uri)https://id.nb.no/vocabulary/ntsf/258$2ntsf
=700  1\$aBarslund, Charlotte$4trl$0(NO-TrBIB)9061910
=852  8\$b0030100$cg00005$hNA/A 2011:927
=856  42$3Forlagets beskrivelse (kort)$uhttps://contents.bibs.aws.unit.no/?isbn=1445853817
=856  42$3Forlagets beskrivelse (kort)$uhttps://contents.bibs.aws.unit.no/?isbn=9781445853819
=859  \\$a0030100$bg00005$cNA/A 2011:927$f0$h0$x2015-10-31
=876  \\$a11g008385$d20110117$jkat$p11g008385$r11g008385$wBOOK$xKiP. 1 ex fra CappelenDamm$z(ib.) (Til bruk på NB Oslos lesesal)
=901  \\$a90
=913  \\$aNorbok$bNB
=960  \\$an$9LOCAL
=997  \\$an$9LOCAL

