=LDR  01671cam a2200481 c 4500
=001  991110473664702202
=005  20230531192327.0
=007  ta
=008  110829s2010\\\\sp\||||e||||||000|f|spa|\
=014  1\$a111047366$b(NO-TrBIB)
=015  \\$a1107321$2nbf
=020  \\$a9788499086576$qh.
=035  \\$a(EXLNZ-47BIBSYS_NETWORK)991110473664702201
=035  \\$a(NO-TrBIB)111047366
=035  \\$a111047366-47bibsys_network
=035  \\$a11g008396-47bibsys_nb
=040  \\$aNO-OsNB$bnob$ekatreg
=041  1\$anob$hnob
=042  \\$anorbibl
=044  \\$ces
=082  74$a839.823$qNO-OsNB$25/nor
=100  1\$aFossum, Karin$d1954-$0(NO-TrBIB)90608300
=245  10$a¿Quién teme al lobo?$c[Karin Fossum] ; traducción de Kirsti Baggethun, Asunción Lorenzo
=246  1\$aDen som frykter ulven$iOriginaltittel
=260  \\$a[Barcelona]$bDebolsillo$c2010
=300  \\$a248 s.
=490  1\$aBestseller
=490  1\$aBiblioteca Karin Fossum
=500  \\$aNummer på ryggen: 529/4
=536  \\$aNORLA
=655  \7$aRomaner$0(uri)https://id.nb.no/vocabulary/ntsf/258$2ntsf
=700  1\$aBaggethun, Kirsti$d1944-$4trl$0(NO-TrBIB)90584630
=700  1\$aLorenzo, Asunción$4trl$0(NO-TrBIB)6021783
=800  1\$aFossum, Karin$d1954-$tBiblioteca Karin Fossum$0(NO-TrBIB)90608300
=830  \0$aBestseller
=852  8\$b0030100$cg00005$hNA/A 2011:299
=859  \\$a0030100$bg00005$cNA/A 2011:299$f0$h0$x2015-10-31
=876  \\$a11g008396$d20110117$jkat$p11g008396$r11g008396$wBOOK$xKiP. 1 eks fra CappelenDamm$z(h.) (Til bruk på NB Oslos lesesal)
=901  \\$a90
=913  \\$aNorbok$bNB
=913  \\$aNORLA$bNB
=960  \\$an$9local
=997  \\$an$9local

