=LDR  01578cim a22003377c 4500
=001  991114845454702202
=005  20230228095805.0
=007  sd\f||||||||||
=008  110826s2009\\\\xx#||||\||||||||||||nob|\
=020  \\$a9788202313289
=035  \\$a(EXLNZ-47BIBSYS_NETWORK)991114845454702201
=035  \\$a(NO-TrBIB)111484545
=035  \\$a111484545-47bibsys_network
=040  \\$aNO-OsNB$bnob$ekatreg
=100  1\$aFossum, Karin$d1954-$0(NO-TrBIB)90608300
=245  10$aVarsleren$cKarin Fossum$h[lydopptak]
=260  \\$a[Oslo]$bCappelen Damm$ccop. 2009
=300  \\$a1 plate (CD-MP3) (8 t, 19 min)$bdigital$c12 cm, i omslag
=490  1\$aLommelydbok
=500  \\$a1. lydbokutg. 2006
=500  \\$aLest av Nils Ole Oftebro
=710  2\$aOftebro, Nils Ole$0(NO-TrBIB)11015925
=830  \0$aLommelydbok
=856  42$3Forlagets beskrivelse (kort)$uhttps://contents.bibs.aws.unit.no/?isbn=8202313287
=856  42$3Forlagets beskrivelse (kort)$uhttps://contents.bibs.aws.unit.no/?isbn=9788202313289
=856  42$3Forlagets beskrivelse (lang)$uhttps://contents.bibs.aws.unit.no/content/?isbn=9788202313289
=856  42$3Lydfil$uhttps://contents.bibs.aws.unit.no/files/audio/mp3/9/8/9788202313289.mp3$qaudio/mpeg
=856  42$3Omslagsbilde$uhttps://contents.bibs.aws.unit.no/files/images/large/9/8/9788202313289.jpg$qimage/jpeg
=856  42$3Omslagsbilde$uhttps://contents.bibs.aws.unit.no/files/images/small/9/8/9788202313289.jpg$qimage/jpeg
=856  42$3Originalt bilde$uhttps://contents.bibs.aws.unit.no/files/images/original/9/8/9788202313289.jpg$qimage/jpeg
=901  \\$a60

