=LDR  01470cam a2200409 c 4500
=001  991119869314702202
=005  20230531194257.0
=007  ta
=008  111104s2011\\\\xx#|||||||||||000|f|ita|\
=014  1\$a111986931$b(NO-TrBIB)
=015  \\$a1111668$2nbf
=020  \\$a9788820049812$qib.
=035  \\$a(EXLNZ-47BIBSYS_NETWORK)991119869314702201
=035  \\$a(NO-TrBIB)111986931
=035  \\$a111986931-47bibsys_network
=035  \\$a11g038447-47bibsys_nb
=040  \\$aNO-OsNB$bnob$ekatreg
=041  1\$hnob
=042  \\$anorbibl
=044  \\$cit
=082  74$a839.823$qNO-OsNB$25/nor
=100  1\$aFossum, Karin$d1954-$0(NO-TrBIB)90608300
=245  13$aLa ragazza del lago$cKarin Fossum ; traduzione di Pierina M. Marocco
=246  1\$aSe deg ikke tilbake!$iOriginaltittel
=260  \\$a[Milano]$bSperling & Kupfer$ccop. 2011
=300  \\$a303 s.
=500  \\$aPå løst omslag: Le inchieste dell'ispettore Sejer. Lo sguardo di uno sconosciuto
=655  \7$aRomaner$0(uri)https://id.nb.no/vocabulary/ntsf/258$2ntsf
=700  1\$aMarocco, Pierina M.$4trl$0(NO-TrBIB)10056394
=740  3\$aLo sguardo di uno sconosciuto
=852  8\$b0030100$cg00005$hNA/A 2011:1600
=859  \\$a0030100$bg00005$cNA/A 2011:1600$f0$h0$x2015-10-31
=876  \\$a11g038447$d20110310$jkat$p11g038447$r11g038447$wBOOK$xKiP. 1 ex fra CappelenDamm$z(ib.) (Til bruk på NB Oslos lesesal)
=901  \\$a90
=913  \\$aNorbok$bNB
=960  \\$an$9LOCAL
=997  \\$an$9LOCAL

