=LDR  02610cam a2200589 c 4500
=001  991120313234702202
=005  20230531194322.0
=007  cr||||||||||||
=007  ta
=008  140720s2011\\\\no\|||||\|||||000|f|nob|\
=014  1\$a112031323$b(NO-TrBIB)
=014  1\$a112031323$b(NO-TrBIB)
=015  \\$a1113614$2nbf
=020  \\$a9788202327705$qh.$cNkr 149.00
=035  \\$a(EXLNZ-47BIBSYS_NETWORK)991120313234702201
=035  \\$a(NO-OsBA)0268465
=035  \\$a(NO-TrBIB)112031323
=035  \\$a(NO-TrBIB)143064592
=035  \\$a112031323-47bibsys_network
=035  \\$a11g043601-47bibsys_nb
=035  \\$a11g043602-47bibsys_nb
=040  \\$aNO-OsNB$bnob$ekatreg
=042  \\$anorbibl
=044  \\$cno
=082  74$a839.823$qNO-OsNB$25/nor
=100  1\$aFossum, Karin$d1954-$0(NO-TrBIB)90608300
=245  10$aElskede Poona$cKarin Fossum ; [med forord av Nils Nordberg]
=260  \\$a[Oslo]$bCappelen Damm$c2011
=300  \\$a271 s.
=490  1\$aEn Konrad Sejer-krim$v[5]
=490  1\$aKaliber
=500  \\$a1. utg. Oslo : Cappelen, 2000
=533  \\$aElektronisk reproduksjon$b[Norge]$cNasjonalbiblioteket Digital$d2014-06-13
=655  \7$aRomaner$0(uri)https://id.nb.no/vocabulary/ntsf/258$2ntsf
=800  1\$aFossum, Karin$d1954-$tEn Konrad Sejer-krim$v5$0(NO-TrBIB)90608300
=830  \0$aKaliber
=852  8\$b0030100$cg00005$hNA/A 2011:2258
=852  8\$b0183334$cg00001$hc
=856  40$3$yNB Digital$uhttp://urn.nb.no/URN:NBN:no-nb_digibok_2014061306012$z
=856  41$3Fulltekst$uhttps://urn.nb.no/URN:NBN:no-nb_digibok_2014061306012$yNettbiblioteket$zDigital representasjon
=856  42$3Forlagets beskrivelse (kort)$uhttps://contents.bibs.aws.unit.no/?isbn=8202327709
=856  42$3Forlagets beskrivelse (kort)$uhttps://contents.bibs.aws.unit.no/?isbn=9788202327705
=856  42$3Forlagets beskrivelse (lang)$uhttps://contents.bibs.aws.unit.no/content/?isbn=9788202327705
=856  42$3Omslagsbilde$uhttps://contents.bibs.aws.unit.no/files/images/large/5/0/9788202327705.jpg$qimage/jpeg
=856  42$3Omslagsbilde$uhttps://contents.bibs.aws.unit.no/files/images/small/5/0/9788202327705.jpg$qimage/jpeg
=856  42$3Originalt bilde$uhttps://contents.bibs.aws.unit.no/files/images/original/5/0/9788202327705.jpg$qimage/jpeg
=859  \\$a0030100$bg00005$cNA/A 2011:2258$f0$h0$x2015-10-31
=859  \\$a0183334$bg00001$cc$f0$h0$x2015-10-31
=876  \\$a11g043601$d20110321$jkat$p11g043601$r11g043601$wBOOK
=876  \\$a11g043602$d20110321$jkat$p11g043602$r11g043602$wBOOK$z(h.) (Til bruk på NB Oslos lesesal)
=901  \\$a90
=913  \\$aNorbok$bNB

