=LDR  01570cam a2200409 c 4500
=001  991123409974702202
=005  20230531194812.0
=007  ta
=008  120626s2011\\\\xx#|||||||||||000|f|eng|\
=014  1\$a112340997$b(NO-TrBIB)
=015  \\$a1126574$2nbf
=020  \\$a9780547483344$qib.
=035  \\$a(EXLNZ-47BIBSYS_NETWORK)991123409974702201
=035  \\$a(NO-TrBIB)112340997
=035  \\$a112340997-47bibsys_network
=035  \\$a11g061417-47bibsys_nb
=040  \\$aNO-OsNB$bnob$ekatreg
=041  1\$hnob
=042  \\$anorbibl
=044  \\$cus
=082  74$a839.823$qNO-OsNB$25/nor
=100  1\$aFossum, Karin$d1954-$0(NO-TrBIB)90608300
=245  10$aBad intentions$cKarin Fossum ; translated from the Norwegian by Charlotte Barslund
=246  1\$aDen onde viljen$iOriginaltittel
=260  \\$aBoston$bHoughton Mifflin Harcourt$c2011
=300  \\$a213 s.
=655  \7$aRomaner$0(uri)https://id.nb.no/vocabulary/ntsf/258$2ntsf
=700  1\$aBarslund, Charlotte$4trl$0(NO-TrBIB)9061910
=852  8\$b0030100$cg00005$hNA/A 2011:5776
=856  42$3Miniatyrbilde$uhttps://contents.bibs.aws.unit.no/files/images/small/4/4/9780547483344.jpg$qimage/jpeg
=856  42$3Omslagsbilde$uhttps://contents.bibs.aws.unit.no/files/images/large/4/4/9780547483344.jpg$qimage/jpeg
=859  \\$a0030100$bg00005$cNA/A 2011:5776$f0$h0$x2015-10-31
=876  \\$a11g061417$d20110818$jkat$p11g061417$r11g061417$wBOOK$xKiP  1 ex fra Cappelen Damm$z(ib.) (Til bruk på NB Oslos lesesal)
=901  \\$a90
=913  \\$aNorbok$bNB
=960  \\$an$9LOCAL
=997  \\$an$9LOCAL

