=LDR  03579cam a2200757 c 4500
=001  991127625904702202
=005  20230531195432.0
=007  cr||||||||||||
=007  ta
=008  150828s2011\\\\no\|||||\|||||000|f|nob|\
=014  1\$a11276259x$b(NO-TrBIB)
=014  1\$a11276259x$b(NO-TrBIB)
=015  \\$a1129719$2nbf
=020  \\$a9788202349868$qib.$cNkr 379.00$qCappelen Damm
=020  \\$a9788252577754$qib.$qBokklubben
=035  \\$a(EXLNZ-47BIBSYS_NETWORK)991127625904702201
=035  \\$a(NO-OsBA)0271559
=035  \\$a(NO-TrBIB)11276259x
=035  \\$a(NO-TrBIB)123979218
=035  \\$a11276259x-47bibsys_network
=035  \\$a11g105213-47bibsys_nb
=035  \\$a11g105215-47bibsys_nb
=040  \\$aNO-OsNB$bnob$ekatreg
=042  \\$anorbibl
=044  \\$cno
=080  \\$a82
=080  \\$a839.6
=082  74$a839.823$qNO-OsNB$25/nor
=084  \\$aS 4b$2oosk
=100  1\$aFossum, Karin$d1954-$0(NO-TrBIB)90608300
=245  10$aJeg kan se i mørket :$broman$cKarin Fossum
=260  \\$a[Oslo]$bCappelen Damm$c2011
=300  \\$a222 s.
=533  \\$aElektronisk reproduksjon$b[Norge]$cNasjonalbiblioteket Digital$d2012-11-19
=653  \\$askjønnlitteratur$akriminalromaner$anorske$aromaner$a2010-tallet$akrim$aspenning$akriminalromanar
=655  \4$aKriminal
=655  \7$aRomaner$0(uri)https://id.nb.no/vocabulary/ntsf/258$2ntsf
=767  0\$6880-01$tYagansīryǒk$w991505267844702201$z9788956608266
=767  0\$6880-02$tĀ'i kyāna si ina dya ḍārka$w991507630774702201$z9789849121305
=767  0\$aFossum, Karin$tI can see in the dark$w991324463914702201
=767  0\$aFossum, Karin$tI can see in the dark$w991431811734702201
=767  0\$aFossum, Karin$tI can see in the dark$w991431818074702201
=767  0\$aFossum, Karin$tIk kan in het donker zien$w991216209644702201
=767  0\$tYo veo en la oscuridad$w999920313142602201$z978-84-16195-78-7
=767  0\$tYo veo en la oscuridad$w999921849673902201$z978-84-663-8478-0
=880  0\$6767-01/{dollar}1$t야간시력$w991505267844702201$z9788956608266
=880  0\$6767-02/Deva$tআই ক্যান সি ইন দ্য ডার্ক$w991507630774702201$z9789849121305
=776  0\$tJeg kan se i mørket$w991340255124702201
=852  8\$b0030100$cg00005$hNA/A 2011:6278
=852  8\$b0183334$cg00001$hb
=856  40$3$yNB Digital$uhttp://urn.nb.no/URN:NBN:no-nb_digibok_2012111906111$z
=856  41$3Fulltekst$uhttps://urn.nb.no/URN:NBN:no-nb_digibok_2012111906111$yNettbiblioteket$zDigital representasjon
=856  42$3Forlagets beskrivelse (kort)$uhttps://contents.bibs.aws.unit.no/?isbn=8202349869
=856  42$3Forlagets beskrivelse (kort)$uhttps://contents.bibs.aws.unit.no/?isbn=9788202349868
=856  42$3Forlagets beskrivelse (lang)$uhttps://contents.bibs.aws.unit.no/content/?isbn=9788202349868
=856  42$3Miniatyrbilde$uhttps://contents.bibs.aws.unit.no/files/images/small/8/6/9788202349868.jpg$qimage/jpeg
=856  42$3Omslagsbilde$uhttps://contents.bibs.aws.unit.no/files/images/large/8/6/9788202349868.jpg$qimage/jpeg
=856  42$3Originalt bilde$uhttps://contents.bibs.aws.unit.no/files/images/original/8/6/9788202349868.jpg$qimage/jpeg
=859  \\$a0030100$bg00005$cNA/A 2011:6278$f0$h0$x2015-10-31
=859  \\$a0183334$bg00001$cb$f0$h0$x2015-10-31
=876  \\$a11g105213$d20110817$jkat$p11g105213$r11g105213$wBOOK
=876  \\$a11g105215$d20110817$jkat$p11g105215$r11g105215$wBOOK$z(ib.)(Til bruk på NB Oslos lesesal)
=901  \\$a90
=913  \\$aKulturfond$bNB
=913  \\$aNorbok$bNB
=913  \\$aNORLA$bNB

