=LDR  02262cim a2200505 c 4500
=001  991127626034702202
=005  20230307151825.0
=007  sd\f||||||||||
=008  140325s2011\\\\no#||||\|||||||f#|||nob|\
=014  1\$a112762603$b(NO-TrBIB)
=014  1\$a112762603$b(NO-TrBIB)
=015  \\$a1130365$2nbf
=020  \\$a9788202364649$cNkr 379.00
=035  \\$a(EXLNZ-47BIBSYS_NETWORK)991127626034702201
=035  \\$a(NO-OsBA)0271560
=035  \\$a(NO-TrBIB)112762603
=035  \\$a112762603-47bibsys_network
=035  \\$a11g126518-47bibsys_nb
=035  \\$a11g126520-47bibsys_nb
=040  \\$aNO-OsNB$bnob$ekatreg
=042  \\$anorbibl
=044  \\$cno
=082  74$a839.823$qNO-OsNB$25/nor
=100  1\$aFossum, Karin$d1954-$0(NO-TrBIB)90608300
=245  10$aJeg kan se i mørket$cKarin Fossum$h[lydopptak]
=260  \\$a[Oslo]$bCappelen Damm$c2011
=300  \\$a6 CD-er (7 t, 2 min)$bdigital$c12 cm, i eske
=500  \\$aLest av Kim Haugen
=655  \4$aKriminal
=700  1\$aHaugen, Kim$d1958-$emedarb.$0(NO-TrBIB)98011890
=852  8\$b0030100$cg00005$hNA/A 2011:7435
=852  8\$b0183334$cg00001$hd KZ 2011 0895-0900
=856  42$3Forlagets beskrivelse (kort)$uhttps://contents.bibs.aws.unit.no/?isbn=8202364647
=856  42$3Forlagets beskrivelse (kort)$uhttps://contents.bibs.aws.unit.no/?isbn=9788202364649
=856  42$3Forlagets beskrivelse (lang)$uhttps://contents.bibs.aws.unit.no/content/?isbn=9788202364649
=856  42$3Lydfil$uhttps://contents.bibs.aws.unit.no/files/audio/mp3/9/4/9788202364649.mp3$qaudio/mpeg
=856  42$3Miniatyrbilde$uhttps://contents.bibs.aws.unit.no/files/images/small/9/4/9788202364649.jpg$qimage/jpeg
=856  42$3Omslagsbilde$uhttps://contents.bibs.aws.unit.no/files/images/large/9/4/9788202364649.jpg$qimage/jpeg
=856  42$3Originalt bilde$uhttps://contents.bibs.aws.unit.no/files/images/original/9/4/9788202364649.jpg$qimage/jpeg
=859  \\$a0030100$bg00005$cNA/A 2011:7435$f0$h0$x2015-10-31
=859  \\$a0183334$bg00001$cd KZ 2011 0895-0900$f0$h0$x2015-10-31
=876  \\$a11g126518$d20110830$jkat$p11g126518$r11g126518$wCD
=876  \\$a11g126520$d20110830$jkat$p11g126520$r11g126520$wCD$z(CD-plate)(Til bruk på NB Oslos lesesal)
=901  \\$a90
=913  \\$aNorbok$bNB

