=LDR  02227cim a2200493 c 4500
=001  991127626114702202
=005  20230228095950.0
=007  sd\f||||||||||
=008  120124s2011\\\\no#||||\|||||||f#|||nob|\
=014  1\$a112762611$b(NO-TrBIB)
=014  1\$a112762611$b(NO-TrBIB)
=015  \\$a1130360$2nbf
=020  \\$a9788202366551$cNkr 339.00
=035  \\$a(EXLNZ-47BIBSYS_NETWORK)991127626114702201
=035  \\$a(NO-OsBA)0271561
=035  \\$a(NO-TrBIB)112762611
=035  \\$a112762611-47bibsys_network
=035  \\$a11g126521-47bibsys_nb
=035  \\$a11g126522-47bibsys_nb
=040  \\$aNO-OsNB$bnob$ekatreg
=042  \\$anorbibl
=044  \\$cno
=082  74$a839.823$qNO-OsNB$25/nor
=100  1\$aFossum, Karin$d1954-$0(NO-TrBIB)90608300
=245  10$aJeg kan se i mørket$cKarin Fossum$h[lydopptak]
=260  \\$a[Oslo]$bCappelen Damm$c2011
=300  \\$a1 CD-MP3 (7 t, 2 min)$bdigital$c12 cm, i eske
=500  \\$aLest av Kim Haugen
=700  1\$aHaugen, Kim$d1958-$emedarb.$0(NO-TrBIB)98011890
=852  8\$b0030100$cg00005$hNA/A 2011:7432
=852  8\$b0183334$cg00001$hd KZ 2011 0901
=856  42$3Forlagets beskrivelse (kort)$uhttps://contents.bibs.aws.unit.no/?isbn=8202366550
=856  42$3Forlagets beskrivelse (kort)$uhttps://contents.bibs.aws.unit.no/?isbn=9788202366551
=856  42$3Forlagets beskrivelse (lang)$uhttps://contents.bibs.aws.unit.no/content/?isbn=9788202366551
=856  42$3Lydfil$uhttps://contents.bibs.aws.unit.no/files/audio/mp3/1/5/9788202366551.mp3$qaudio/mpeg
=856  42$3Omslagsbilde$uhttps://contents.bibs.aws.unit.no/files/images/large/1/5/9788202366551.jpg$qimage/jpeg
=856  42$3Omslagsbilde$uhttps://contents.bibs.aws.unit.no/files/images/small/1/5/9788202366551.jpg$qimage/jpeg
=856  42$3Originalt bilde$uhttps://contents.bibs.aws.unit.no/files/images/original/1/5/9788202366551.jpg$qimage/jpeg
=859  \\$a0030100$bg00005$cNA/A 2011:7432$f0$h0$x2015-10-31
=859  \\$a0183334$bg00001$cd KZ 2011 0901$f0$h0$x2015-10-31
=876  \\$a11g126521$d20110830$jkat$p11g126521$r11g126521$wCD
=876  \\$a11g126522$d20110830$jkat$p11g126522$r11g126522$wCD$z(CD-plate)(Til bruk på NB Oslos lesesal)
=901  \\$a90
=913  \\$aNorbok$bNB

