=LDR  01374cam a2200409 c 4500
=001  991127760514702202
=005  20230531195452.0
=007  ta
=008  120423s2011\\\\xx\|||||||||||000|f|ita|\
=014  1\$a112776051$b(NO-TrBIB)
=015  \\$a1120281$2nbf
=020  \\$a9788820049805$qib.
=035  \\$a(EXLNZ-47BIBSYS_NETWORK)991127760514702201
=035  \\$a(NO-TrBIB)112776051
=035  \\$a112776051-47bibsys_network
=035  \\$a11g076853-47bibsys_nb
=040  \\$aNO-OsNB$bnob$ekatreg
=041  1\$hnob
=042  \\$anorbibl
=044  \\$cit
=082  74$a839.823$qNO-OsNB$25/nor
=100  1\$aFossum, Karin$d1954-$0(NO-TrBIB)90608300
=245  10$aAl lupo, al lupo$cKarin Fossum ; traduzione di Margherita Podestà
=246  1\$aVarsleren$iOriginaltittel
=260  \\$a[Milano]$bSperling & Kupfer$c2011
=300  \\$a235 s.
=490  1\$aPandora
=655  \7$aRomaner$0(uri)https://id.nb.no/vocabulary/ntsf/258$2ntsf
=700  1\$aPodestà Heir, Margherita$d1964-$0(NO-TrBIB)1480000290521$4trl
=830  \0$aPandora
=852  8\$b0030100$cg00005$hNA/A 2011:4053
=859  \\$a0030100$bg00005$cNA/A 2011:4053$f0$h0$x2015-10-31
=876  \\$a11g076853$d20110601$jkat$p11g076853$r11g076853$wBOOK$xKiP. 2 ex fra Cappelen Damm$z(ib.) (Til bruk på NB Oslos lesesal)
=901  \\$a90
=913  \\$aNorbok$bNB
=960  \\$an$9local
=997  \\$an$9local

