=LDR  02106cam a2200481 c 4500
=001  991139490904702202
=005  20230531202641.0
=007  ta
=008  110826s2011\\\\xx#|||||||||||000|f|eng|\
=014  1\$a11394909x$b(NO-TrBIB)
=015  \\$a1126580$2nbf
=020  \\$a9781846553936$qh.
=035  \\$a(EXLNZ-47BIBSYS_NETWORK)991139490904702201
=035  \\$a(NO-TrBIB)11394909x
=035  \\$a11394909x-47bibsys_network
=035  \\$a11g106041-47bibsys_nb
=040  \\$aNO-OsNB$bnob$ekatreg
=041  1\$hnob
=042  \\$anorbibl
=044  \\$cgb
=082  74$a839.823$qNO-OsNB$25/nor
=100  1\$aFossum, Karin$d1954-$0(NO-TrBIB)90608300
=245  14$aThe caller$cKarin Fossum ; translated from the Norwegian by K.E. Semmel
=246  1\$aVarsleren$iOriginaltittel
=260  \\$aLondon$bHarvill Secker$c2011
=300  \\$a296 s.
=500  \\$a"An inspector Sejer mystery" - Omslaget
=655  \7$aRomaner$0(uri)https://id.nb.no/vocabulary/ntsf/258$2ntsf
=700  1\$aSemmel, K.E.$4trl$0(NO-TrBIB)11055142
=852  8\$b0030100$cg00005$hNA/A 2011:5778
=856  42$3Forlagets beskrivelse (kort)$uhttps://contents.bibs.aws.unit.no/?isbn=1846553938
=856  42$3Forlagets beskrivelse (kort)$uhttps://contents.bibs.aws.unit.no/?isbn=9781846553936
=856  42$3Forlagets beskrivelse (lang)$uhttps://contents.bibs.aws.unit.no/?isbn=1846553938
=856  42$3Forlagets beskrivelse (lang)$uhttps://contents.bibs.aws.unit.no/?isbn=9781846553936
=856  42$3Omslagsbilde$uhttps://contents.bibs.aws.unit.no/files/images/large/6/3/9781846553936.jpg$qimage/jpeg
=856  42$3Omslagsbilde$uhttps://contents.bibs.aws.unit.no/files/images/small/6/3/9781846553936.jpg$qimage/jpeg
=856  42$3Originalt bilde$uhttps://contents.bibs.aws.unit.no/files/images/original/6/3/9781846553936.jpg$qimage/jpeg
=859  \\$a0030100$bg00005$cNA/A 2011:5778$f0$h0$x2015-10-31
=876  \\$a11g106041$d20110818$jkat$p11g106041$r11g106041$wBOOK$xKiP. 1 ex fra Cappelen Damm$z(h.) (Til bruk på NB Oslos lesesal)
=901  \\$a90
=913  \\$aNorbok$bNB
=960  \\$an$9LOCAL
=997  \\$an$9LOCAL

