=LDR  01390cam a2200421 c 4500
=001  991139492004702202
=005  20230531202641.0
=007  ta
=008  110826s2011\\\\xx#|||||||||||000|f|dut|\
=014  1\$a113949200$b(NO-TrBIB)
=015  \\$a1126576$2nbf
=020  \\$a9789022320679$qh.
=035  \\$a(EXLNZ-47BIBSYS_NETWORK)991139492004702201
=035  \\$a(NO-TrBIB)113949200
=035  \\$a113949200-47bibsys_network
=035  \\$a11g106047-47bibsys_nb
=040  \\$aNO-OsNB$bnob$ekatreg
=041  1\$hnob
=042  \\$anorbibl
=044  \\$cbe
=082  74$a839.823$qNO-OsNB$25/nor
=100  1\$aFossum, Karin$d1954-$0(NO-TrBIB)90608300
=245  10$aWie de wolf vreest$cKarin Fossum ; vertaald door Annemarie Smit
=246  1\$aDen som frykter ulven$iOriginaltittel
=250  \\$a6. druk
=260  \\$aAntwerpen$bManteau$c2011
=300  \\$a304 s.
=490  1\$aManteau thriller
=655  \7$aRomaner$0(uri)https://id.nb.no/vocabulary/ntsf/258$2ntsf
=700  1\$aSmit, Annemarie$4trl$0(NO-TrBIB)7077491
=830  \0$aManteau thriller
=852  8\$b0030100$cg00005$hNA/A 2011:5777
=859  \\$a0030100$bg00005$cNA/A 2011:5777$f0$h0$x2015-10-31
=876  \\$a11g106047$d20110818$jkat$p11g106047$r11g106047$wBOOK$x1 ex fra Cappelen Damm KiP$z(h.) (Til bruk på NB Oslos lesesal)
=901  \\$a90
=913  \\$aNorbok$bNB
=960  \\$an$9LOCAL
=997  \\$an$9LOCAL

