=LDR  01391cam a2200421 c 4500
=001  991139539334702202
=005  20230531202651.0
=007  ta
=008  110826s2011\\\\xx#|||||||||||000|f|dut|\
=014  1\$a113953933$b(NO-TrBIB)
=015  \\$a1126662$2nbf
=020  \\$a9789022320662$qh.
=035  \\$a(EXLNZ-47BIBSYS_NETWORK)991139539334702201
=035  \\$a(NO-TrBIB)113953933
=035  \\$a113953933-47bibsys_network
=035  \\$a11g106398-47bibsys_nb
=040  \\$aNO-OsNB$bnob$ekatreg
=041  1\$hnob
=042  \\$anorbibl
=044  \\$cbe
=082  74$a839.823$qNO-OsNB$25/nor
=100  1\$aFossum, Karin$d1954-$0(NO-TrBIB)90608300
=245  10$aKijk niet achterom$cKarin Fossum ; vertaald door Annemarie Smit
=246  1\$aSe deg ikke tilbake!$iOriginaltittel
=250  \\$a13. druk
=260  \\$aAntwerpen$bManteau$c2011
=300  \\$a312 s.
=490  1\$aManteau thriller
=655  \7$aRomaner$0(uri)https://id.nb.no/vocabulary/ntsf/258$2ntsf
=700  1\$aSmit, Annemarie$4trl$0(NO-TrBIB)7077491
=830  \0$aManteau thriller
=852  8\$b0030100$cg00005$hNA/A 2011:5803
=859  \\$a0030100$bg00005$cNA/A 2011:5803$f0$h0$x2015-10-31
=876  \\$a11g106398$d20110819$jkat$p11g106398$r11g106398$wBOOK$xKiP. 1 ex fra Cappelen Damm$z(h.) (Til bruk på NB Oslos lesesal)
=901  \\$a90
=913  \\$aNorbok$bNB
=960  \\$an$9LOCAL
=997  \\$an$9LOCAL

