=LDR  02088cam a2200469 c 4500
=001  991141241404702202
=005  20230531202733.0
=007  ta
=008  120626s2011\\\\xx#|||||||||||000|f|eng|\
=014  1\$a114124140$b(NO-TrBIB)
=015  \\$a1126958$2nbf
=020  \\$a9780099535843$qh.
=035  \\$a(EXLNZ-47BIBSYS_NETWORK)991141241404702201
=035  \\$a(NO-TrBIB)114124140
=035  \\$a114124140-47bibsys_network
=035  \\$a11g108201-47bibsys_nb
=040  \\$aNO-OsNB$bnob$ekatreg
=041  1\$hnob
=042  \\$anorbibl
=044  \\$cgb
=082  74$a839.823$qNO-OsNB$25/nor
=100  1\$aFossum, Karin$d1954-$0(NO-TrBIB)90608300
=245  10$aBad intentions$cKarin Fossum ; translated from the Norwegian by Charlotte Barslund
=246  1\$aDen onde viljen$iOriginaltittel
=260  \\$aLondon$bVintage Books$c2011
=300  \\$a184 s.
=655  \7$aRomaner$0(uri)https://id.nb.no/vocabulary/ntsf/258$2ntsf
=700  1\$aBarslund, Charlotte$4trl$0(NO-TrBIB)9061910
=852  8\$b0030100$cg00005$hNA/A 2011:6001
=856  42$3Forlagets beskrivelse (kort)$uhttps://contents.bibs.aws.unit.no/?isbn=009953584X
=856  42$3Forlagets beskrivelse (kort)$uhttps://contents.bibs.aws.unit.no/content/?isbn=9780099535843
=856  42$3Forlagets beskrivelse (lang)$uhttps://contents.bibs.aws.unit.no/?isbn=009953584X
=856  42$3Forlagets beskrivelse (lang)$uhttps://contents.bibs.aws.unit.no/content/?isbn=9780099535843
=856  42$3Omslagsbilde$uhttps://contents.bibs.aws.unit.no/files/images/large/3/4/9780099535843.jpg$qimage/jpeg
=856  42$3Omslagsbilde$uhttps://contents.bibs.aws.unit.no/files/images/small/3/4/9780099535843.jpg$qimage/jpeg
=856  42$3Originalt bilde$uhttps://contents.bibs.aws.unit.no/files/images/original/3/4/9780099535843.jpg$qimage/jpeg
=859  \\$a0030100$bg00005$cNA/A 2011:6001$f0$h0$x2015-10-31
=876  \\$a11g108201$d20110823$jkat$p11g108201$r11g108201$wBOOK$xKiP. 1 ex fra Cappelen Damm$z(h.) (Til bruk på NB Oslos lesesal)
=901  \\$a90
=913  \\$aNorbok$bNB
=960  \\$an$9LOCAL
=997  \\$an$9LOCAL

