=LDR  01404cam a2200409 c 4500
=001  991141243454702202
=005  20230531202734.0
=007  ta
=008  111010s2011\\\\xx#|||||||||||000|f|jpn|\
=014  1\$a114124345$b(NO-TrBIB)
=015  \\$a1131453$2nbf
=020  \\$a9784569676180$qh.
=035  \\$a(EXLNZ-47BIBSYS_NETWORK)991141243454702201
=035  \\$a(NO-TrBIB)114124345
=035  \\$a114124345-47bibsys_network
=035  \\$a11g108214-47bibsys_nb
=040  \\$aNO-OsNB$bnob$ekatreg
=041  1\$heng$hnob
=042  \\$anorbibl
=044  \\$cjp
=082  74$a839.823$qNO-OsNB$25/nor
=100  1\$aFossum, Karin$d1954-$0(NO-TrBIB)90608300
=245  10$aMizu-umi no hotori de$cKarin Fossumu cho ; Narikawa Hiroko yaku
=246  1\$aSe deg ikke tilbake$iOriginaltittel
=260  \\$aTokyo$bPHP kenkyûjo/Pîheichipî kenkyûjo$c2011
=300  \\$a517 s.
=490  1\$aPHP bungei bunko$vFu 1-1
=500  \\$aOversatt etter "Don't look back"
=655  \7$aRomaner$0(uri)https://id.nb.no/vocabulary/ntsf/258$2ntsf
=830  \0$aPHP bungei bunko$vFu 1-1
=852  8\$b0030100$cg00005$hNA/A 2011:7351
=859  \\$a0030100$bg00005$cNA/A 2011:7351$f0$h0$x2015-10-31
=876  \\$a11g108214$d20110823$jkat$p11g108214$r11g108214$wBOOK$xKiP. 1 ex fra Cappelen Damm$z(h.) (Til bruk på NB Oslos lesesal)
=901  \\$a90
=913  \\$aNorbok$bNB
=960  \\$an$9LOCAL
=997  \\$an$9LOCAL

