=LDR  01852cam a2200481 c 4500
=001  991150115014702202
=005  20231119060240.0
=007  ta
=008  120116s2011\\\\xx#|||||||||||000|f|tur|\
=014  1\$a115011501$b(NO-TrBIB)
=015  \\$a1206136$2nbf
=020  \\$a9786054456987$qh.
=035  \\$a(EXLNZ-47BIBSYS_NETWORK)991150115014702201
=035  \\$a(NO-TrBIB)115011501
=035  \\$a115011501-47bibsys_network
=035  \\$a11g169193-47bibsys_nb
=040  \\$aNO-OsNB$bnob$ekatreg
=041  1\$hnob
=042  \\$anorbibl
=044  \\$ctr
=082  74$a839.823$qNO-OsNB$25/nor
=100  1\$aFossum, Karin$d1954-$0(NO-TrBIB)90608300
=245  10$aPus$cKarin Fossum ; ıngilizceden c̢eviren: Sevınc̢ Tezcan Yanar
=246  1\$aSe deg ikke tilbake$iOriginaltittel
=260  \\$aİstanbul$bPegasus yayınları$c2011
=300  \\$a335 s.
=490  1\$aBestseller roman$v156
=490  1\$aPegasus yayınları$v367
=500  \\$a"Bir Norvec̢ polisiyesi dedektif Konrad Sejer Macerası"
=533  \\$aElektronisk reproduksjon$b[Norge]$cNasjonalbiblioteket Digital$d2023-11-18
=655  \7$aRomaner$0(uri)https://id.nb.no/vocabulary/ntsf/258$2ntsf
=700  1\$aYanar, Sevınc̢ Tezcan$4trl$0(NO-TrBIB)12002805
=830  \0$aBestseller roman$v156
=830  \0$aPegasus yayınları$v367
=852  8\$b0030100$cg00005$hNA/A 2012:240
=856  40$3$yNB Digital$uhttp://urn.nb.no/URN:NBN:no-nb_digibok_2023101848105$z
=856  41$3Fulltekst$uhttps://urn.nb.no/URN:NBN:no-nb_digibok_2023101848105$yNettbiblioteket$zDigital representasjon
=859  \\$a0030100$bg00005$cNA/A 2012:240$f0$h0$x2015-10-31
=876  \\$a11g169193$d20111216$jkat$p11g169193$r11g169193$wBOOK$xKiP. 1 eks fra CappelenDamm$z(h.) (Til bruk på NB Oslos lesesal)
=901  \\$a90
=913  \\$aNorbok$bNB
=960  \\$an$9LOCAL
=997  \\$an$9LOCAL

