=LDR  01620cam a2200433 c 4500
=001  991150235344702202
=005  20231207132731.0
=007  ta
=008  120213s2011\\\\xx#|||||||||||000|f|lit|\
=014  1\$a115023534$b(NO-TrBIB)
=015  \\$a1208754$2nbf
=020  \\$a9786094440335$qib.
=035  \\$a(EXLNZ-47BIBSYS_NETWORK)991150235344702201
=035  \\$a(NO-TrBIB)115023534
=035  \\$a115023534-47bibsys_network
=035  \\$a11g169734-47bibsys_nb
=040  \\$aNO-OsNB$bnob$ekatreg
=041  1\$hnob$heng
=042  \\$anorbibl
=044  \\$clt
=082  74$a839.823$qNO-OsNB$25/nor
=100  1\$aFossum, Karin$d1954-$0(NO-TrBIB)90608300
=245  10$aNeatsigre̢žk$cKarin Fossum
=246  1\$aSe deg ikke tilbake!$iOriginaltittel
=260  \\$aVilnius$bMetodika$c2011
=300  \\$a293 s.
=500  \\$aOversatt etter engelsk utg. med tittel: Don't look back!
=533  \\$aElektronisk reproduksjon$b[Norge]$cNasjonalbiblioteket Digital$d2023-12-01
=655  \7$aRomaner$0(uri)https://id.nb.no/vocabulary/ntsf/258$2ntsf
=740  0\$aDon't look back!
=852  8\$b0030100$cg00005$hNA/A 2012:1123
=856  40$3$yNB Digital$uhttp://urn.nb.no/URN:NBN:no-nb_digibok_2023110748081$z
=856  41$3Fulltekst$uhttps://urn.nb.no/URN:NBN:no-nb_digibok_2023110748081$yNettbiblioteket$zDigital representasjon
=859  \\$a0030100$bg00005$cNA/A 2012:1123$f0$h0$x2015-10-31
=876  \\$a11g169734$d20111219$jkat$p11g169734$r11g169734$wBOOK$xKiP. 1 eks fra Cappelen Damm$z(ib.) (Til bruk på NB Oslos lesesal)
=901  \\$a90
=913  \\$aNorbok$bNB
=960  \\$an$9LOCAL
=997  \\$an$9LOCAL

