=LDR  01303cam a2200385 c 4500
=001  991200792594702202
=005  20230531205149.0
=007  ta
=008  120306s2012\\\\xx#|||||||||||000|f|swe|\
=014  1\$a120079259$b(NO-TrBIB)
=015  \\$a1210479$2nbf
=020  \\$a9789137136981$qib.
=035  \\$a(EXLNZ-47BIBSYS_NETWORK)991200792594702201
=035  \\$a(NO-TrBIB)120079259
=035  \\$a120079259-47bibsys_network
=035  \\$a12g004161-47bibsys_nb
=040  \\$aNO-OsNB$bnob$ekatreg
=041  1\$hnob
=042  \\$anorbibl
=044  \\$cse
=082  74$a839.823$qNO-OsNB$25/nor
=100  1\$aFossum, Karin$d1954-$0(NO-TrBIB)90608300
=245  10$aJag kan se i mörkret$cKarin Fossum ; översättning: Margareta Järnebrand
=246  1\$aJeg kan se i mørket$iOriginaltittel
=260  \\$aStockholm$bForum$c2012
=300  \\$a222 s.
=655  \7$aRomaner$0(uri)https://id.nb.no/vocabulary/ntsf/258$2ntsf
=700  1\$aJärnebrand, Margareta$d1947-$4trl$0(NO-TrBIB)11045740
=852  8\$b0030100$cg00005$hNA/A 2012:1564
=859  \\$a0030100$bg00005$cNA/A 2012:1564$f0$h0$x2015-10-31
=876  \\$a12g004161$d20120213$jkat$p12g004161$r12g004161$wBOOK$xKiP$z(ib.) (Til bruk på NB Oslos lesesal)
=901  \\$a90
=913  \\$aNorbok$bNB
=960  \\$an$9LOCAL
=997  \\$an$9LOCAL

