=LDR  01473cam a2200433 c 4500
=001  991201833744702202
=005  20230531205329.0
=007  ta
=008  130410s2011\\\\xx#|||||||||||000|f|cze|\
=014  1\$a120183374$b(NO-TrBIB)
=015  \\$a1207961$2nbf
=020  \\$a9788072944965$qib.
=035  \\$a(EXLNZ-47BIBSYS_NETWORK)991201833744702201
=035  \\$a(NO-TrBIB)120183374
=035  \\$a120183374-47bibsys_network
=035  \\$a12g009415-47bibsys_nb
=040  \\$aNO-OsNB$bnob$ekatreg
=041  1\$hnob
=042  \\$anorbibl
=044  \\$ccz
=082  74$a839.823$qNO-OsNB$25/nor
=100  1\$aFossum, Karin$d1954-$0(NO-TrBIB)90608300
=245  10$aIndická nevěsta$cKarin Fossumová ; [přeložila Karolína Stehlíková]
=246  1\$aElskede Poona$iOriginaltittel
=260  \\$aBrno$bHost$c2011
=300  \\$a260 s.
=490  1\$aDetektivní román Host
=536  \\$aNORLA
=655  \7$aRomaner$0(uri)https://id.nb.no/vocabulary/ntsf/258$2ntsf
=700  1\$aStehlíková, Karolína$d1975-$4trl$0(NO-TrBIB)5097330
=765  0\$aFossum, Karin$tElskede Poona :$w990011580154702201
=830  \0$aDetektivní román Host
=852  8\$b0030100$cg00005$hNA/A 2012:958
=859  \\$a0030100$bg00005$cNA/A 2012:958$f0$h0$x2015-10-31
=876  \\$a12g009415$d20120124$jkat$p12g009415$r12g009415$wBOOK$xKiP. 1 eks fra Norla$z(ib.) (Til bruk på NB Oslos lesesal)
=901  \\$a90
=913  \\$aNorbok$bNB
=960  \\$an$9LOCAL
=997  \\$an$9LOCAL

