=LDR  02475cam a2200553 c 4500
=001  991204223014702202
=005  20230309120344.0
=007  ta
=008  150317s2012\\\\no#|||||||||||000|j|nob|\
=014  1\$a120422301$b(NO-TrBIB)
=014  1\$a120422301$b(NO-TrBIB)
=015  \\$a1212037$2nbf
=020  \\$a9788202379070$qh.$cNkr 129.00
=035  \\$a(EXLNZ-47BIBSYS_NETWORK)991204223014702201
=035  \\$a(NO-OsBA)0281364
=035  \\$a(NO-TrBIB)120422301
=035  \\$a120422301-47bibsys_network
=035  \\$a12g029011-47bibsys_nb
=035  \\$a12g029012-47bibsys_nb
=040  \\$aNO-OsNB$bnob$ekatreg
=042  \\$anorbibl
=044  \\$cno
=082  74$a839.73$qNO-OsNB$25/nor
=083  7\$a839.823$qNO-OsNB$25/nor
=084  \\$aS 3b$2oosk
=245  00$aÅrets påskekrim :$b13 kriminalnoveller fra spenningens mestere$cKarin Fossum ... [et al.]
=260  \\$a[Oslo]$bCappelen Damm$c2012
=300  \\$a286 s.
=490  1\$aKaliber
=500  \\$aPå omslaget: Ditt sikreste kort i påskeferien
=533  \\$aElektronisk reproduksjon$b[Norge]$cNasjonalbiblioteket Digital$d2021-02-26
=700  1\$aFossum, Karin$d1954-$emedarb.$0(NO-TrBIB)90608300
=830  \0$aKaliber
=852  8\$b0030100$cg00005$hNA/A 2012:2781
=852  8\$b0183334$cg00001$hc
=856  40$3$yNB Digital$uhttp://urn.nb.no/URN:NBN:no-nb_digibok_2021020207652$z
=856  41$3Fulltekst$uhttps://urn.nb.no/URN:NBN:no-nb_digibok_2021020207652$yNettbiblioteket$zDigital representasjon
=856  42$3Forlagets beskrivelse (kort)$uhttps://contents.bibs.aws.unit.no/?isbn=8202379075
=856  42$3Forlagets beskrivelse (kort)$uhttps://contents.bibs.aws.unit.no/?isbn=9788202379070
=856  42$3Forlagets beskrivelse (lang)$uhttps://contents.bibs.aws.unit.no/content/?isbn=9788202379070
=856  42$3Miniatyrbilde$uhttps://contents.bibs.aws.unit.no/files/images/small/0/7/9788202379070.jpg$qimage/jpeg
=856  42$3Omslagsbilde$uhttps://contents.bibs.aws.unit.no/files/images/large/0/7/9788202379070.jpg$qimage/jpeg
=856  42$3Originalt bilde$uhttps://contents.bibs.aws.unit.no/files/images/original/0/7/9788202379070.jpg$qimage/jpeg
=859  \\$a0030100$bg00005$cNA/A 2012:2781$f0$h0$x2015-10-31
=859  \\$a0183334$bg00001$cc$f0$h0$x2015-10-31
=876  \\$a12g029011$d20120301$jkat$p12g029011$r12g029011$wBOOK
=876  \\$a12g029012$d20120301$jkat$p12g029012$r12g029012$wBOOK$z(h.)(Til bruk på NB Oslos lesesal)
=901  \\$a90
=913  \\$aNorbok$bNB

