=LDR  01298cam a2200385 c 4500
=001  991208532994702202
=005  20230531205946.0
=007  ta
=008  120502s2012\\\\xx#|||||||||||000|f|ger|\
=014  1\$a120853299$b(NO-TrBIB)
=015  \\$a1215687$2nbf
=020  \\$a9783492273886$qh.
=035  \\$a(EXLNZ-47BIBSYS_NETWORK)991208532994702201
=035  \\$a(NO-TrBIB)120853299
=035  \\$a120853299-47bibsys_network
=035  \\$a12g036851-47bibsys_nb
=040  \\$aNO-OsNB$bnob$ekatreg
=041  1\$hnob
=042  \\$anorbibl
=044  \\$cde
=082  74$a839.823$qNO-OsNB$25/nor
=100  1\$aFossum, Karin$d1954-$0(NO-TrBIB)90608300
=245  10$aDunkler Schlaf :$bRoman$cKarin Fossum ; aus dem Norwegischen von Gabriele Haefs
=246  1\$aDjevelen holder lyset$iOriginaltittel
=260  \\$aMünchen$bPiper$c2012
=300  \\$a262 s.
=655  \7$aRomaner$0(uri)https://id.nb.no/vocabulary/ntsf/258$2ntsf
=700  1\$aHaefs, Gabriele$d1953-$4trl$0(NO-TrBIB)90353340
=852  8\$b0030100$cg00005$hNA/A 2012:3269
=859  \\$a0030100$bg00005$cNA/A 2012:3269$f0$h0$x2015-10-31
=876  \\$a12g036851$d20120411$jkat$p12g036851$r12g036851$wBOOK$xKIp$z(h.) (Til bruk på NB Oslos lesesal)
=901  \\$a90
=913  \\$aNorbok$bNB
=960  \\$an$9LOCAL
=997  \\$an$9LOCAL

