=LDR  02299cim a2200505 c 4500
=001  991209068134702202
=005  20230313131509.0
=007  sd\f||||||||||
=008  121012s2012\\\\no#||||\|||||||f#|||nob|\
=014  1\$a120906813$b(NO-TrBIB)
=014  1\$a120906813$b(NO-TrBIB)
=015  \\$a1217664$2nbf
=020  \\$a9788202386535$cNkr 299.00
=035  \\$a(EXLNZ-47BIBSYS_NETWORK)991209068134702201
=035  \\$a(NO-OsBA)0282185
=035  \\$a(NO-TrBIB)120906813
=035  \\$a120906813-47bibsys_network
=035  \\$a12g047158-47bibsys_nb
=035  \\$a12g051485-47bibsys_nb
=040  \\$aNO-OsNB$bnob$ekatreg
=042  \\$anorbibl
=044  \\$cno
=082  74$a839.73$qNO-OsNB$25/nor
=083  7\$a839.823$qNO-OsNB$25/nor
=245  00$aÅrets påskekrim :$b13 kriminalnoveller fra spenningens mestere$cKarin Fossum ... [et al.]$h[lydopptak]
=260  \\$a[Oslo]$bCappelen Damm$c2012
=300  \\$a7 CD-er (8 t, 47 min)$c12 cm, i eske
=500  \\$aLest av Helge Winther-Larsen
=500  \\$aPå esken: Ditt sikreste kort i påskeferien
=700  1\$aFossum, Karin$d1954-$emedarb.$0(NO-TrBIB)90608300
=700  1\$aWinther-Larsen, Helge$d1953-$emedarb.$0(NO-TrBIB)2030682
=852  8\$b0030100$cg00005$hqSmåtr.2432
=852  8\$b0183334$cg00001$hKZ 2012 0375-0381
=856  42$3Forlagets beskrivelse (lang)$uhttps://contents.bibs.aws.unit.no/?isbn=8202386535
=856  42$3Forlagets beskrivelse (lang)$uhttps://contents.bibs.aws.unit.no/?isbn=9788202386535
=856  42$3Lydfil$uhttps://contents.bibs.aws.unit.no/files/audio/mp3/5/3/9788202386535.mp3$qaudio/mpeg
=856  42$3Omslagsbilde$uhttps://contents.bibs.aws.unit.no/files/images/large/5/3/9788202386535.jpg$qimage/jpeg
=856  42$3Omslagsbilde$uhttps://contents.bibs.aws.unit.no/files/images/small/5/3/9788202386535.jpg$qimage/jpeg
=856  42$3Originalt bilde$uhttps://contents.bibs.aws.unit.no/files/images/original/5/3/9788202386535.jpg$qimage/jpeg
=859  \\$a0030100$bg00005$cqSmåtr.2432$f0$h0$x2015-10-31
=859  \\$a0183334$bg00001$cKZ 2012 0375-0381$f0$h0$x2015-10-31
=876  \\$a12g047158$d20120417$jkat$p12g047158$r12g047158$wCD
=876  \\$a12g051485$d20120427$jkat$p12g051485$r12g051485$wCD$z(CD-plater) (Til bruk på NB Oslos lesesal)
=901  \\$a90
=913  \\$aNorbok$bNB

