=LDR  01574cam a2200457 c 4500
=001  991209142804702202
=005  20230531210124.0
=007  ta
=008  131008s2012\\\\xx#|||||||||||000|f|bul|\
=014  1\$a12091428x$b(NO-TrBIB)
=015  \\$a1215680$2nbf
=020  \\$a9789543572120$qh.
=035  \\$a(EXLNZ-47BIBSYS_NETWORK)991209142804702201
=035  \\$a(NO-TrBIB)12091428x
=035  \\$a12091428x-47bibsys_network
=035  \\$a12g040587-47bibsys_nb
=040  \\$aNO-OsNB$bnob$ekatreg
=041  1\$hnob
=042  \\$anorbibl
=044  \\$cbg
=082  74$a839.823$qNO-OsNB$25/nor
=100  1\$aFossum, Karin$d1954-$0(NO-TrBIB)90608300
=245  10$aNe pogleždaj nazad$cKarin Fosum ; prevela ot norvežki: Eva Kŭneva
=246  1\$aSe deg ikke tilbake!$iOriginaltittel
=260  \\$aSofija$bEMAS$c[2012]
=300  \\$a302 s.
=490  1\$aKriminale$v[9]
=500  \\$aPå omslaget: Vtorijat slučaj na inspektor Sejer
=536  \\$aNORLA
=655  \7$aRomaner$0(uri)https://id.nb.no/vocabulary/ntsf/258$2ntsf
=700  1\$aKŭneva, Eva$d1985-$4trl$0(NO-TrBIB)10039674
=740  0\$aVtorijat slučaj na inspektor Sejer
=765  0\$aFossum, Karin$tSe deg ikke tilbake! :$w999609024224702201
=830  \0$aKriminale$v[9]
=852  8\$b0030100$cg00005$hNA/A 2012:2927
=859  \\$a0030100$bg00005$cNA/A 2012:2927$f0$h0$x2015-10-31
=876  \\$a12g040587$d20120326$jkat$p12g040587$r12g040587$wBOOK$xKiP. 2 ex fra Norla$z(h.) (Til bruk på NB Oslos lesesal)
=901  \\$a90
=913  \\$aNorbok$bNB
=960  \\$an$9LOCAL
=997  \\$an$9LOCAL

