=LDR  01401cam a2200409 c 4500
=001  991212257984702202
=005  20230531210354.0
=007  ta
=008  140324s2012\\\\xx#|||||||||||000|f|fre|\
=014  1\$a121225798$b(NO-TrBIB)
=015  \\$a1219698$2nbf
=020  \\$a9782757828137$qh.
=035  \\$a(EXLNZ-47BIBSYS_NETWORK)991212257984702201
=035  \\$a(NO-TrBIB)121225798
=035  \\$a121225798-47bibsys_network
=035  \\$a12g047887-47bibsys_nb
=040  \\$aNO-OsNB$bnob$ekatreg
=041  1\$hnob
=042  \\$anorbibl
=044  \\$cfr
=082  74$a839.823$qNO-OsNB$25/nor
=100  1\$aFossum, Karin$d1954-$0(NO-TrBIB)90608300
=245  10$aSecondes noires :$broman$cKarin Fossum ; traduit du norvégien par Jean-Baptiste Coursaud
=246  1\$aSvarte sekunder$iOriginaltittel
=260  \\$aParis$bJC Lattès$c2012
=300  \\$a350 s.
=490  1\$aPoints policier$vP2804
=655  \7$aRomaner$0(uri)https://id.nb.no/vocabulary/ntsf/258$2ntsf
=700  1\$aCoursaud, Jean-Baptiste$d1969-$4trl$0(NO-TrBIB)10051811
=830  \0$aPoints policier$vP2804
=852  8\$b0030100$cg00005$hNA/A 2012:4604
=859  \\$a0030100$bg00005$cNA/A 2012:4604$f0$h0$x2015-10-31
=876  \\$a12g047887$d20120529$jkat$p12g047887$r12g047887$wBOOK$xKiP, mars 2012$z(h.) (Til bruk på NB Oslos lesesal)
=901  \\$a90
=913  \\$aNorbok$bNB
=960  \\$an$9LOCAL
=997  \\$an$9LOCAL

