=LDR  01677cam a2200445 c 4500
=001  991212259504702202
=005  20240317011650.0
=007  ta
=008  120509s2012\\\\xx#|||||||||||000|f|fre|\
=014  1\$a12122595x$b(NO-TrBIB)
=015  \\$a1217892$2nbf
=020  \\$a9782021034875$qh.
=035  \\$a(EXLNZ-47BIBSYS_NETWORK)991212259504702201
=035  \\$a(NO-TrBIB)12122595x
=035  \\$a12122595x-47bibsys_network
=035  \\$a12g047890-47bibsys_nb
=040  \\$aNO-OsNB$bnob$ekatreg
=041  1\$hnob
=042  \\$anorbibl
=044  \\$cfr
=082  74$a839.823$qNO-OsNB$25/nor
=100  1\$aFossum, Karin$d1954-$0(NO-TrBIB)90608300
=245  12$aL'enfer commence maintenant :$broman$cKarin Fossum ; traduit du norvégien par Éva Sauvegrain
=246  1\$aVarsleren$iOriginaltittel
=260  \\$aParis$bSeuil$c2012
=300  \\$a219 s.
=490  1\$aSeuil policiers
=533  \\$aElektronisk reproduksjon$b[Norge]$cNasjonalbiblioteket Digital$d2024-03-16
=655  \7$aRomaner$0(uri)https://id.nb.no/vocabulary/ntsf/258$2ntsf
=700  1\$aSauvegrain, Éva$4trl$0(NO-TrBIB)6086068
=830  \0$aSeuil policiers
=852  8\$b0030100$cg00005$hNA/A 2012:3837
=856  40$3$yNB Digital$uhttp://urn.nb.no/URN:NBN:no-nb_digibok_2024021948024$z
=856  41$3Fulltekst$uhttps://urn.nb.no/URN:NBN:no-nb_digibok_2024021948024$yNettbiblioteket$zDigital representasjon
=859  \\$a0030100$bg00005$cNA/A 2012:3837$f0$h0$x2015-10-31
=876  \\$a12g047890$d20120502$jkat$p12g047890$r12g047890$wBOOK$xKiP. 1 ex fra Cappelen Damm$z(h.) (Til bruk på NB Oslos lesesal)
=901  \\$a90
=913  \\$aNorbok$bNB
=960  \\$an$9LOCAL
=997  \\$an$9LOCAL

