=LDR  01428cam a2200409 c 4500
=001  991212562354702202
=005  20230531210423.0
=007  ta
=008  120529s2012\\\\no\\\\\e\|||||00||f|ita|\
=014  1\$a121256235$b(NO-TrBIB)
=015  \\$a1216164$2nbf
=020  \\$a978-88-200-5202-7$qib.
=035  \\$a(EXLNZ-47BIBSYS_NETWORK)991212562354702201
=035  \\$a(NO-TrBIB)121256235
=035  \\$a121256235-47bibsys_network
=035  \\$a12g048775-47bibsys_nb
=040  \\$aNO-OsNB$bnob$ekatreg
=041  1\$hnob
=042  \\$anorbibl
=044  \\$cit
=082  74$a839.823$qNO-OsNB$25/nor
=100  1\$aFossum, Karin$d1954-$0(NO-TrBIB)90608300
=245  10$aCattive intenzioni$cKarin Fossum ; traduzione di Margherita Podestà
=246  1\$iOriginaltittel:$aDen onde viljen
=260  \\$a[Milano]$bSperling & Kupfer$c2012
=300  \\$a225 s.
=655  \7$aRomaner$0(uri)https://id.nb.no/vocabulary/ntsf/258$2ntsf
=700  1\$aPodestà Heir, Margherita$d1964-$4trl$0(NO-TrBIB)1480000290521
=765  0\$tDen onde viljen$w990824130454702201$z978-82-02-28854-9
=852  8\$b0030100$cg00005$hNA/A 2012:3320
=859  \\$a0030100$bg00005$cNA/A 2012:3320$f0$h0$x2015-10-31
=876  \\$a12g048775$d20120420$jkat$p12g048775$r12g048775$wBOOK$xKiP. 2 ex fra Norla$z(ib.) (Til bruk på NB Oslos lesesal)
=901  \\$a90
=913  \\$aNorbok$bNB
=913  \\$aNORLA$bNB
=960  \\$an$9local
=997  \\$an$9local

