=LDR  02264cim a2200493 c 4500
=001  991213204804702202
=005  20230315134129.0
=007  sd\f||||||||||
=008  120525s2012\\\\no#||||\|||||||f#|||nob|\
=014  1\$a121320480$b(NO-TrBIB)
=014  1\$a121320480$b(NO-TrBIB)
=015  \\$a1218258$2nbf
=020  \\$a9788202386689$cNkr 299.00
=035  \\$a(EXLNZ-47BIBSYS_NETWORK)991213204804702201
=035  \\$a(NO-TrBIB)121320480
=035  \\$a121320480-47bibsys_network
=035  \\$a12g051641-47bibsys_nb
=035  \\$a12g051642-47bibsys_nb
=040  \\$aNO-OsNB$bnob$ekatreg
=042  \\$anorbibl
=044  \\$cno
=082  74$a839.73$qNO-OsNB$25/nor
=083  7\$a839.823$qNO-OsNB$25/nor
=245  00$aÅrets påskekrim :$b13 kriminalnoveller fra spenningens mestere$cKarin Fossum ... [et al.]$h[lydopptak]
=260  \\$a[Oslo]$bCappelen Damm$c2012
=300  \\$a1 CD-MP3 (8 t, 47 min)$c12 cm, i eske
=500  \\$aLest av Helge Winther-Larsen
=500  \\$aPå esken: Ditt sikreste kort i påskeferien
=700  1\$aFossum, Karin$d1954-$emedarb.$0(NO-TrBIB)90608300
=700  1\$aWinther-Larsen, Helge$d1953-$emedarb.$0(NO-TrBIB)2030682
=852  8\$b0030100$cg00005$hqSmåtr.2432
=852  8\$b0183334$cg00001$hKZ 2012 0417
=856  42$3Forlagets beskrivelse (lang)$uhttps://contents.bibs.aws.unit.no/?isbn=8202386683
=856  42$3Forlagets beskrivelse (lang)$uhttps://contents.bibs.aws.unit.no/content/?isbn=9788202386689
=856  42$3Lydfil$uhttps://contents.bibs.aws.unit.no/files/audio/mp3/9/8/9788202386689.mp3$qaudio/mpeg
=856  42$3Omslagsbilde$uhttps://contents.bibs.aws.unit.no/files/images/large/9/8/9788202386689.jpg$qimage/jpeg
=856  42$3Omslagsbilde$uhttps://contents.bibs.aws.unit.no/files/images/small/9/8/9788202386689.jpg$qimage/jpeg
=856  42$3Originalt bilde$uhttps://contents.bibs.aws.unit.no/files/images/original/9/8/9788202386689.jpg$qimage/jpeg
=859  \\$a0030100$bg00005$cqSmåtr.2432$f0$h0$x2015-10-31
=859  \\$a0183334$bg00001$cKZ 2012 0417$f0$h0$x2015-10-31
=876  \\$a12g051641$d20120427$jkat$p12g051641$r12g051641$wCD
=876  \\$a12g051642$d20120427$jkat$p12g051642$r12g051642$wCD$z(CD-plate) (Til bruk på NB Oslos lesesal)
=901  \\$a90
=913  \\$aNorbok$bNB

