=LDR  01868cam a2200481 c 4500
=001  991213985874702202
=005  20240125095426.0
=007  ta
=008  120504s2012\\\\xx#|||||||||||000|f|ita|\
=014  1\$a121398587$b(NO-TrBIB)
=015  \\$a1217418$2nbf
=020  \\$a9788860618009$qh.
=035  \\$a(EXLNZ-47BIBSYS_NETWORK)991213985874702201
=035  \\$a(NO-TrBIB)121398587
=035  \\$a121398587-47bibsys_network
=035  \\$a12g052340-47bibsys_nb
=040  \\$aNO-OsNB$bnob$ekatreg
=041  1\$hnob
=042  \\$anorbibl
=044  \\$cit
=082  74$a839.823$qNO-OsNB$25/nor
=100  1\$aFossum, Karin$d1954-$0(NO-TrBIB)90608300
=245  13$aLa ragazza del lago$cKarin Fossum ; [traduzione di Pierina M. Marocco]
=246  1\$aSe deg ikke tilbake!$iOriginaltittel
=260  \\$a[Milano]$bSperling Paperback$c2012
=300  \\$a303, 3 s.
=490  1\$aSuperbestseller
=500  \\$a"Le inchieste dell'ispettore Sejer" - Omslaget
=500  \\$aUndertittel på omslaget: Lo sguardo di uno sconosciuto
=533  \\$aElektronisk reproduksjon$b[Norge]$cNasjonalbiblioteket Digital$d2024-01-03
=655  \7$aRomaner$0(uri)https://id.nb.no/vocabulary/ntsf/258$2ntsf
=700  1\$aMarocco, Pierina M.$4trl$0(NO-TrBIB)10056394
=740  3\$aLo sguardo di uno sconosciuto
=830  \0$aSuperbestseller
=852  8\$b0030100$cg00005$hNA/A 2012:3474
=856  40$3$yNB Digital$uhttp://urn.nb.no/URN:NBN:no-nb_digibok_2023120748103$z
=856  41$3Fulltekst$uhttps://urn.nb.no/URN:NBN:no-nb_digibok_2023120748103$yNettbiblioteket$zDigital representasjon
=859  \\$a0030100$bg00005$cNA/A 2012:3474$f0$h0$x2015-10-31
=876  \\$a12g052340$d20120502$jkat$p12g052340$r12g052340$wBOOK$xKiP  1 ex fra Cappelen Damm$z(h.) (Til bruk på NB Oslos lesesal)
=901  \\$a90
=913  \\$aNorbok$bNB
=960  \\$an$9LOCAL
=997  \\$an$9LOCAL

