=LDR  01456cam a2200421 c 4500
=001  991213986764702202
=005  20230531210526.0
=007  ta
=008  140204s2012\\\\xx#|||||||||||000|f|ita|\
=014  1\$a121398676$b(NO-TrBIB)
=015  \\$a1217413$2nbf
=020  \\$a9788860618016$qh.
=035  \\$a(EXLNZ-47BIBSYS_NETWORK)991213986764702201
=035  \\$a(NO-TrBIB)121398676
=035  \\$a121398676-47bibsys_network
=035  \\$a12g052341-47bibsys_nb
=040  \\$aNO-OsNB$bnob$ekatreg
=041  1\$hnob
=042  \\$anorbibl
=044  \\$cit
=082  74$a839.823$qNO-OsNB$25/nor
=100  1\$aFossum, Karin$d1954-$0(NO-TrBIB)90608300
=245  10$aAl lupo, al lupo$cKarin Fossum ; [traduzione di Margherita Podestà]
=246  1\$aVarsleren$iOriginaltittel
=260  \\$a[Milano]$bSperling Paperback$c2012
=300  \\$a235, 3 s.
=490  1\$aSuperbestseller
=500  \\$a"Le inchieste dell'ispettore Sejer" - Omslaget
=655  \7$aRomaner$0(uri)https://id.nb.no/vocabulary/ntsf/258$2ntsf
=700  1\$aPodestà Heir, Margherita$d1964-$4trl$0(NO-TrBIB)1480000290521
=830  \0$aSuperbestseller
=852  8\$b0030100$cg00005$hNA/A 2012:3473
=859  \\$a0030100$bg00005$cNA/A 2012:3473$f0$h0$x2015-10-31
=876  \\$a12g052341$d20120502$jkat$p12g052341$r12g052341$wBOOK$xKiP. 1 ex fra CappelenDamm$z(h.) (Til bruk på NB Oslos lesesal)
=901  \\$a90
=913  \\$aNorbok$bNB
=960  \\$an$9LOCAL
=997  \\$an$9LOCAL

