=LDR  01369cam a2200397 c 4500
=001  991216191684702202
=005  20230531211041.0
=007  ta
=008  120611s2012\\\\xx#|||||||||||000|f|dan|\
=014  1\$a121619168$b(NO-TrBIB)
=015  \\$a1219678$2nbf
=020  \\$a9788702084634
=020  \\$a9788702119381$qib.
=035  \\$a(EXLNZ-47BIBSYS_NETWORK)991216191684702201
=035  \\$a(NO-TrBIB)121619168
=035  \\$a121619168-47bibsys_network
=035  \\$a12g061641-47bibsys_nb
=040  \\$aNO-OsNB$bnob$ekatreg
=041  1\$hnob
=042  \\$anorbibl
=044  \\$cdk
=082  74$a839.823$qNO-OsNB$25/nor
=100  1\$aFossum, Karin$d1954-$0(NO-TrBIB)90608300
=245  10$aJeg kan se i mørke :$bkriminalroman$cKarin Fossum ; på dansk ved Poul Bratbjerg Hansen
=246  1\$aJeg kan se i mørket$iOriginaltittel
=260  \\$a[København]$bGyldendal$c2012
=300  \\$a221 s.
=655  \7$aRomaner$0(uri)https://id.nb.no/vocabulary/ntsf/258$2ntsf
=700  1\$aBratbjerg Hansen, Poul$4trl$0(NO-TrBIB)12031435
=852  8\$b0030100$cg00005$hNA/A 2012:4603
=859  \\$a0030100$bg00005$cNA/A 2012:4603$f0$h0$x2015-10-31
=876  \\$a12g061641$d20120529$jkat$p12g061641$r12g061641$wBOOK$xKiP. 2 ex fra CappelenDamm$z(ib.) (Til bruk på NB Oslos lesesal)
=901  \\$a90
=913  \\$aNorbok$bNB
=960  \\$an$9LOCAL
=997  \\$an$9LOCAL

