=LDR  01472cam a2200433 c 4500
=001  991216209644702202
=005  20230531211044.0
=007  ta
=008  130411s2012\\\\xx#|||||||||||000|f|dut|\
=014  1\$a121620964$b(NO-TrBIB)
=015  \\$a1219701$2nbf
=020  \\$a9789022326718$qh.
=035  \\$a(EXLNZ-47BIBSYS_NETWORK)991216209644702201
=035  \\$a(NO-TrBIB)121620964
=035  \\$a121620964-47bibsys_network
=035  \\$a12g061743-47bibsys_nb
=040  \\$aNO-OsNB$bnob$ekatreg
=041  1\$hnob
=042  \\$anorbibl
=044  \\$cbe
=082  74$a839.823$qNO-OsNB$25/nor
=100  1\$aFossum, Karin$d1954-$0(NO-TrBIB)90608300
=245  10$aIk kan in het donker zien$cKarin Fossum ; vertaald door Lucy Pijttersen
=246  1\$aJeg kan se i mørket$iOriginaltittel
=260  \\$aAntwerpen$bManteau$c2012
=300  \\$a231 s.
=490  1\$aManteau thriller
=536  \\$aNORLA
=655  \7$aRomaner$0(uri)https://id.nb.no/vocabulary/ntsf/258$2ntsf
=700  1\$aPijttersen, Lucy$4trl$0(NO-TrBIB)11056474
=765  0\$aFossum, Karin$tJeg kan se i mørket :$w991127625904702201
=830  \0$aManteau thriller
=852  8\$b0030100$cg00005$hNA/A 2012:4605
=859  \\$a0030100$bg00005$cNA/A 2012:4605$f0$h0$x2015-10-31
=876  \\$a12g061743$d20120529$jkat$p12g061743$r12g061743$wBOOK$xKiP. 1 ex fra Cappelen Damm$z(h.) (Til bruk på NB Oslos lesesal)
=901  \\$a90
=913  \\$aNorbok$bNB
=960  \\$an$9LOCAL
=997  \\$an$9LOCAL

