=LDR  01308cam a2200385 c 4500
=001  991216220454702202
=005  20230531211048.0
=007  ta
=008  120531s2012\\\\xx#|||||||||||000|f|fin|\
=014  1\$a121622045$b(NO-TrBIB)
=015  \\$a1219702$2nbf
=020  \\$a9789510390122$qib.
=035  \\$a(EXLNZ-47BIBSYS_NETWORK)991216220454702201
=035  \\$a(NO-TrBIB)121622045
=035  \\$a121622045-47bibsys_network
=035  \\$a12g061824-47bibsys_nb
=040  \\$aNO-OsNB$bnob$ekatreg
=041  1\$hnob
=042  \\$anorbibl
=044  \\$cfi
=082  74$a839.823$qNO-OsNB$25/nor
=100  1\$aFossum, Karin$d1954-$0(NO-TrBIB)90608300
=245  10$aMinä näen pimeässä$cKarin Fossum ; suomentanut Tarja Teva
=246  1\$aJeg kan se i mørket$iOriginaltittel
=260  \\$aHelsinki$bJohnny Kniga$c2012
=300  \\$a223 s.
=655  \7$aRomaner$0(uri)https://id.nb.no/vocabulary/ntsf/258$2ntsf
=700  1\$aTeva, Tarja$d1967-$4trl$0(NO-TrBIB)11073043
=852  8\$b0030100$cg00005$hNA/A 2012:4606
=859  \\$a0030100$bg00005$cNA/A 2012:4606$f0$h0$x2015-10-31
=876  \\$a12g061824$d20120529$jkat$p12g061824$r12g061824$wBOOK$xKiP. 1 ex fra Cappelen Damm$z(ib.) (Til bruk på NB Oslos lesesal)
=901  \\$a90
=913  \\$aNorbok$bNB
=960  \\$an$9LOCAL
=997  \\$an$9LOCAL

