=LDR  01731cam a2200469 c 4500
=001  991216769354702202
=005  20230531211149.0
=007  cr||||||||||||
=007  ta
=008  130929s2012\\\\no#|||||\|||||000|f|nob|\
=014  1\$a121676935$b(NO-TrBIB)
=014  1\$a121676935$b(NO-TrBIB)
=015  \\$a1224956$2nbf
=020  \\$a9788252580167$qib.
=035  \\$a(EXLNZ-47BIBSYS_NETWORK)991216769354702201
=035  \\$a(NO-TrBIB)121676935
=035  \\$a(NO-TrBIB)132883805
=035  \\$a121676935-47bibsys_network
=035  \\$a12g064517-47bibsys_nb
=035  \\$a12g064518-47bibsys_nb
=040  \\$aNO-OsNB$bnob$ekatreg
=042  \\$anorbibl
=044  \\$cno
=082  04$a839.82$223
=082  74$a839.823$qNO-OsNB$25/nor
=100  1\$aFossum, Karin$d1954-$0(NO-TrBIB)90608300
=245  10$aSe deg ikke tilbake!$cKarin Fossum
=260  \\$a[Oslo]$bBokklubben$c2012
=300  \\$a272 s.
=500  \\$a1. utg. Oslo : Cappelen, 1996
=533  \\$aElektronisk reproduksjon$b[Norge]$cNasjonalbiblioteket Digital$d2013-08-09
=655  \7$aRomaner$0(uri)https://id.nb.no/vocabulary/ntsf/258$2ntsf
=852  8\$b0030100$cg00005$hNA/A 2012:6499
=852  8\$b0183334$cg00001$hb
=856  40$3$yNB Digital$uhttp://urn.nb.no/URN:NBN:no-nb_digibok_2013080908078$z
=856  41$3Fulltekst$uhttps://urn.nb.no/URN:NBN:no-nb_digibok_2013080908078$yNettbiblioteket$zDigital representasjon
=859  \\$a0030100$bg00005$cNA/A 2012:6499$f0$h0$x2015-10-31
=859  \\$a0183334$bg00001$cb$f0$h0$x2015-10-31
=876  \\$a12g064517$d20120606$jkat$p12g064517$r12g064517$wBOOK
=876  \\$a12g064518$d20120606$jkat$p12g064518$r12g064518$wBOOK$z(ib.)(Til bruk på NB Oslos lesesal)
=901  \\$a90
=913  \\$aNorbok$bNB

