=LDR  01397cam a2200409 c 4500
=001  991225347944702202
=005  20230531211848.0
=007  ta
=008  120926s2012\\\\xx#|||||||||||000|f|por|\
=014  1\$a122534794$b(NO-TrBIB)
=015  \\$a1229086$2nbf
=020  \\$a9788581050553$qh.
=035  \\$a(EXLNZ-47BIBSYS_NETWORK)991225347944702201
=035  \\$a(NO-TrBIB)122534794
=035  \\$a122534794-47bibsys_network
=035  \\$a12g104875-47bibsys_nb
=040  \\$aNO-OsNB$bnob$ekatreg
=041  1\$heng$hnob
=042  \\$anorbibl
=044  \\$cbr
=082  74$a839.823$qNO-OsNB$25/nor
=100  1\$aFossum, Karin$d1954-$0(NO-TrBIB)90608300
=245  12$aA vela do demônio$cKarin Fossum ; tradução Renato Marques
=246  1\$aDjevelen holder lyset$iOriginaltittel
=260  \\$aRio de Janeiro$bObjetiva$c2012
=300  \\$a216 s.
=500  \\$a"Suma de letras"
=500  \\$aOversatt etter When the devil holds the candle
=655  \7$aRomaner$0(uri)https://id.nb.no/vocabulary/ntsf/258$2ntsf
=740  0\$aWhen the devil holds the candle
=852  8\$b0030100$cg00005$hNA/A 2012:7450
=859  \\$a0030100$bg00005$cNA/A 2012:7450$f0$h0$x2015-10-31
=876  \\$a12g104875$d20120831$jkat$p12g104875$r12g104875$wBOOK$xKiP. 1 ex fra Cappelen Damm$z(h.) (Til bruk på NB Oslos lesesal)
=901  \\$a90
=913  \\$aNorbok$bNB
=960  \\$an$9LOCAL
=997  \\$an$9LOCAL

