=LDR  01345cam a2200397 c 4500
=001  991225348404702202
=005  20230531211848.0
=007  ta
=008  121003s2012\\\\xx#|||||||||||000|f|lit|\
=014  1\$a122534840$b(NO-TrBIB)
=015  \\$a1230237$2nbf
=020  \\$a9786094440724$qib.
=035  \\$a(EXLNZ-47BIBSYS_NETWORK)991225348404702201
=035  \\$a(NO-TrBIB)122534840
=035  \\$a122534840-47bibsys_network
=035  \\$a12g104883-47bibsys_nb
=040  \\$aNO-OsNB$bnob$ekatreg
=041  1\$heng$hnob
=042  \\$anorbibl
=044  \\$clt
=082  74$a839.823$qNO-OsNB$25/nor
=100  1\$aFossum, Karin$d1954-$0(NO-TrBIB)90608300
=245  10$aBijantis vilko$cKarin Fossum ; iš anglu̢ kalbos vertė Ignė Norvaišaitė-Aleliūnienė
=246  1\$aDen som frykter ulven$iOriginaltittel
=260  \\$aVilnius$bMetodika$c2012
=300  \\$a255 s.
=500  \\$aOversatt etter He who fears the wolf
=655  \7$aRomaner$0(uri)https://id.nb.no/vocabulary/ntsf/258$2ntsf
=740  0\$aHe who fears the wolf
=852  8\$b0030100$cg00005$hNA/A 2012:7672
=859  \\$a0030100$bg00005$cNA/A 2012:7672$f0$h0$x2015-10-31
=876  \\$a12g104883$d20120831$jkat$p12g104883$r12g104883$wBOOK$xKiP$z(ib.) (Til bruk på NB Oslos lesesal)
=901  \\$a90
=913  \\$aNorbok$bNB
=960  \\$an$9LOCAL
=997  \\$an$9LOCAL

