=LDR  02015cam a2200481 c 4500
=001  991225530634702202
=005  20230531211917.0
=007  ta
=008  130507s2012\\\\xx\|||||||||||000|f|eng|\
=014  1\$a122553063$b(NO-TrBIB)
=015  \\$a1230251$2nbf
=020  \\$a9781846555251$qh.
=035  \\$a(EXLNZ-47BIBSYS_NETWORK)991225530634702201
=035  \\$a(NO-TrBIB)122553063
=035  \\$a122553063-47bibsys_network
=035  \\$a12g110545-47bibsys_nb
=040  \\$aNO-OsNB$bnob$ekatreg
=041  1\$hnob
=042  \\$anorbibl
=044  \\$cgb
=082  74$a839.823$qNO-OsNB$25/nor
=100  1\$aFossum, Karin$d1954-$0(NO-TrBIB)90608300
=245  10$aIn the darkness$cKarin Fossum ; translated from the Norwegian by James Anderson
=246  1\$aEvas øye$iOriginaltittel
=260  \\$aLondon$bHarvill Secker$c2012
=300  \\$a314 s.
=536  \\$aNORLA
=655  \7$aRomaner$0(uri)https://id.nb.no/vocabulary/ntsf/258$2ntsf
=700  1\$aAnderson, James$0(NO-TrBIB)13060080$4trl
=765  0\$aFossum, Karin$tEvas øye :$w999523438194702201
=852  8\$b0030100$cg00005$hNA/A 2012:7678
=856  42$3Forlagets beskrivelse (kort)$uhttps://contents.bibs.aws.unit.no/?isbn=1846555256
=856  42$3Forlagets beskrivelse (kort)$uhttps://contents.bibs.aws.unit.no/?isbn=9781846555251
=856  42$3Forlagets beskrivelse (lang)$uhttps://contents.bibs.aws.unit.no/?isbn=1846555256
=856  42$3Forlagets beskrivelse (lang)$uhttps://contents.bibs.aws.unit.no/?isbn=9781846555251
=856  42$3Omslagsbilde$uhttps://contents.bibs.aws.unit.no/files/images/large/1/5/9781846555251.jpg$qimage/jpeg
=856  42$3Omslagsbilde$uhttps://contents.bibs.aws.unit.no/files/images/small/1/5/9781846555251.jpg$qimage/jpeg
=859  \\$a0030100$bg00005$cNA/A 2012:7678$f0$h0$x2015-10-31
=876  \\$a12g110545$d20120914$jkat$p12g110545$r12g110545$wBOOK$xKiP. 1 ex fra Norla$z(h.) (Til bruk på NB Oslos lesesal)
=901  \\$a90
=913  \\$aNorbok$bNB
=960  \\$an$9local
=997  \\$an$9local

