=LDR  02485cam a2200577 c 4500
=001  991227951484702202
=005  20230531212204.0
=007  cr||||||||||||
=007  ta
=008  150109s2012\\\\no#|||||\|||||000|f|nob|\
=014  1\$a122795148$b(NO-TrBIB)
=014  1\$a122795148$b(NO-TrBIB)
=015  \\$a1232464$2nbf
=020  \\$a9788202388188$qh.$cNkr 149.00
=035  \\$a(EXLNZ-47BIBSYS_NETWORK)991227951484702201
=035  \\$a(NO-OsBA)0289746
=035  \\$a(NO-TrBIB)122795148
=035  \\$a(NO-TrBIB)130489735
=035  \\$a122795148-47bibsys_network
=035  \\$a12g124386-47bibsys_nb
=035  \\$a12g124387-47bibsys_nb
=040  \\$aNO-OsNB$bnob$ekatreg
=042  \\$anorbibl
=044  \\$cno
=082  74$a839.823$qNO-OsNB$25/nor
=100  1\$aFossum, Karin$d1954-$0(NO-TrBIB)90608300
=245  10$aJeg kan se i mørket :$broman$cKarin Fossum
=260  \\$a[Oslo]$bCappelen Damm$c2012
=300  \\$a222 s.
=490  1\$aKaliber
=500  \\$a1. utg. 2011
=533  \\$aElektronisk reproduksjon$b[Norge]$cNasjonalbiblioteket Digital$d2012-12-04
=655  \7$aRomaner$0(uri)https://id.nb.no/vocabulary/ntsf/258$2ntsf
=830  \0$aKaliber
=852  8\$b0030100$cg00005$hNA/A 2012:8465
=852  8\$b0183334$cg00001$hc
=856  40$3$yNB Digital$uhttp://urn.nb.no/URN:NBN:no-nb_digibok_2012120408026$z
=856  41$3Fulltekst$uhttps://urn.nb.no/URN:NBN:no-nb_digibok_2012120408026$yNettbiblioteket$zDigital representasjon
=856  42$3Forlagets beskrivelse (kort)$uhttps://contents.bibs.aws.unit.no/?isbn=820238818X
=856  42$3Forlagets beskrivelse (kort)$uhttps://contents.bibs.aws.unit.no/?isbn=9788202388188
=856  42$3Forlagets beskrivelse (lang)$uhttps://contents.bibs.aws.unit.no/content/?isbn=9788202388188
=856  42$3Miniatyrbilde$uhttps://contents.bibs.aws.unit.no/files/images/small/8/8/9788202388188.jpg$qimage/jpeg
=856  42$3Omslagsbilde$uhttps://contents.bibs.aws.unit.no/files/images/large/8/8/9788202388188.jpg$qimage/jpeg
=856  42$3Originalt bilde$uhttps://contents.bibs.aws.unit.no/files/images/original/8/8/9788202388188.jpg$qimage/jpeg
=859  \\$a0030100$bg00005$cNA/A 2012:8465$f0$h0$x2015-10-31
=859  \\$a0183334$bg00001$cc$f0$h0$x2015-10-31
=876  \\$a12g124386$d20121011$jkat$p12g124386$r12g124386$wBOOK
=876  \\$a12g124387$d20121011$jkat$p12g124387$r12g124387$wBOOK$z(h.) (Til bruk på NB Oslos lesesal)
=901  \\$a90
=913  \\$aKulturfond$bNB
=913  \\$aNorbok$bNB

