=LDR  01355cam a2200409 c 4500
=001  991228677694702202
=005  20230531212259.0
=007  ta
=008  130415s2012\\\\xx\|||||||||||000|f|heb|\
=014  1\$a122867769$b(NO-TrBIB)
=015  \\$a1312476$2nbf
=020  \\$a9789650720667$qh.
=035  \\$a(EXLNZ-47BIBSYS_NETWORK)991228677694702201
=035  \\$a(NO-TrBIB)122867769
=035  \\$a122867769-47bibsys_network
=035  \\$a12g125536-47bibsys_nb
=040  \\$aNO-OsNB$bnob$ekatreg
=041  1\$hnob
=042  \\$anorbibl
=044  \\$cil
=082  74$a839.823$qNO-OsNB$25/nor
=100  1\$aFossum, Karin$d1954-$0(NO-TrBIB)90608300$4aut
=245  10$aha-Kalah mi-Mombei$cḲarin Fosum
=246  1\$aElskede Poona$iOriginaltittel:
=260  \\$aJerusalem$bKeter$c2012
=300  \\$a307 s.
=536  \\$aNORLA
=655  \7$aRomaner$0(uri)https://id.nb.no/vocabulary/ntsf/258$2ntsf
=700  1\$aḤefer, Shira$d1975-$4trl$0(NO-TrBIB)13018601
=765  0\$aFossum, Karin$tElskede Poona :$w990011580154702201
=852  8\$b0030100$cg00005$hNA/A 2013:2121
=859  \\$a0030100$bg00005$cNA/A 2013:2121$f0$h0$x2015-10-31
=876  \\$a12g125536$d20121015$jkat$p12g125536$r12g125536$wBOOK$xKiP. 2 ex fra Norla$z(h.) (Til bruk på NB Oslos lesesal)
=901  \\$a90
=913  \\$aNorbok$bNB
=960  \\$an$9local
=997  \\$an$9local

