=LDR  02435cam a2200613 c 4500
=001  991229594694702202
=005  20230531212323.0
=007  cr||||||||||||
=007  ta
=008  150109s2012\\\\no\|||||\|||||000|p|nob|\
=014  1\$a122959469$b(NO-TrBIB)
=014  1\$a122959469$b(NO-TrBIB)
=015  \\$a1233898$2nbf
=020  \\$a9788202397296$qib.$cNkr 199.00
=035  \\$a(EXLNZ-47BIBSYS_NETWORK)991229594694702201
=035  \\$a(NO-OsBA)0291296
=035  \\$a(NO-TrBIB)122959469
=035  \\$a(NO-TrBIB)133446514
=035  \\$a122959469-47bibsys_network
=035  \\$a12g132310-47bibsys_nb
=035  \\$a12g132311-47bibsys_nb
=040  \\$aNO-OsNB$bnob$ekatreg
=042  \\$anorbibl
=044  \\$cno
=080  \\$a839.6
=082  04$a839.82$223
=082  04$a839.82$qNoOU$222
=082  04$a839.8218$223
=082  74$a839.821$qNO-OsNB$25/nor
=084  \\$aS 4$2oosk
=100  1\$aFossum, Karin$d1954-$0(NO-TrBIB)90608300
=245  10$aNatten er et annet land$cKarin Fossum
=260  \\$a[Oslo]$bCappelen Damm$c2012
=300  \\$a47 s.
=533  \\$aElektronisk reproduksjon$b[Norge]$cNasjonalbiblioteket Digital$d2013-10-25
=653  \\$anorsk$alitteratur$anorske dikt$a2010-tallet
=653  \6$alyrikk
=655  \4$aDikt
=655  \7$aDikt$0(uri)https://id.nb.no/vocabulary/ntsf/580$2ntsf
=852  8\$b0030100$cg00005$hNA/A 2012:8842
=852  8\$b0183334$cg00001$hb
=856  40$3$yNB Digital$uhttp://urn.nb.no/URN:NBN:no-nb_digibok_2013102505056$z
=856  41$3Fulltekst$uhttps://urn.nb.no/URN:NBN:no-nb_digibok_2013102505056$yNettbiblioteket$zDigital representasjon
=856  42$3Forlagets beskrivelse (lang)$uhttps://contents.bibs.aws.unit.no/?isbn=9788202397296
=856  42$3Omslagsbilde$uhttps://contents.bibs.aws.unit.no/files/images/large/6/9/9788202397296.jpg$qimage/jpeg
=856  42$3Omslagsbilde$uhttps://contents.bibs.aws.unit.no/files/images/small/6/9/9788202397296.jpg$qimage/jpeg
=856  42$3Originalt bilde$uhttps://contents.bibs.aws.unit.no/files/images/original/6/9/9788202397296.jpg$qimage/jpeg
=859  \\$a0030100$bg00005$cNA/A 2012:8842$f0$h0$x2015-10-31
=859  \\$a0183334$bg00001$cb$f0$h0$x2015-10-31
=876  \\$a12g132310$d20121026$jkat$p12g132310$r12g132310$wBOOK
=876  \\$a12g132311$d20121026$jkat$p12g132311$r12g132311$wBOOK$z(ib.) (Til bruk på NB Oslos lesesal)
=901  \\$a90
=913  \\$aKulturfond$bNB
=913  \\$aNorbok$bNB

