=LDR  01649cam a2200433 c 4500
=001  991235949014702202
=005  20231112060103.0
=007  ta
=008  130214s1999\\\\xx#|||||||||||000|f|swe|\
=014  1\$a123594901$b(NO-TrBIB)
=015  \\$a1308861$2nbf
=020  \\$a9143041698$qib.
=035  \\$a(EXLNZ-47BIBSYS_NETWORK)991235949014702201
=035  \\$a(NO-TrBIB)123594901
=035  \\$a123594901-47bibsys_network
=035  \\$a12g142061-47bibsys_nb
=040  \\$aNO-OsNB$bnob$ekatreg
=041  1\$hnob
=042  \\$anorbibl
=044  \\$cse
=082  74$a839.823$qNO-OsNB$25/nor
=100  1\$aFossum, Karin$d1954-$0(NO-TrBIB)90608300
=245  10$aSe dig inte om!$cKarin Fossum ; översättning av Helena och Ulf Örnkloo
=246  1\$aSe deg ikke tilbake!$iOriginaltittel
=260  \\$a[Stockholm]$bBonnier$c1999
=300  \\$a233 s.
=533  \\$aElektronisk reproduksjon$b[Norge]$cNasjonalbiblioteket Digital$d2023-11-11
=655  \7$aRomaner$0(uri)https://id.nb.no/vocabulary/ntsf/258$2ntsf
=700  1\$aÖrnkloo, Helena$4trl$0(NO-TrBIB)11042884
=700  1\$aÖrnkloo, Ulf$d1934-$4trl$0(NO-TrBIB)90137513
=852  8\$b0030100$cg00005$hNA/A 2013:1301
=856  40$3$yNB Digital$uhttp://urn.nb.no/URN:NBN:no-nb_digibok_2023101048080$z
=856  41$3Fulltekst$uhttps://urn.nb.no/URN:NBN:no-nb_digibok_2023101048080$yNettbiblioteket$zDigital representasjon
=859  \\$a0030100$bg00005$cNA/A 2013:1301$f0$h0$x2015-10-31
=876  \\$a12g142061$d20121115$jkat$p12g142061$r12g142061$wBOOK$xASt$z(ib.) (Til bruk på NB Oslos lesesal)
=901  \\$a90
=913  \\$aNorbok$bNB
=960  \\$an$9LOCAL
=997  \\$an$9LOCAL

