=LDR  01370caa a2200529 c 4500
=001  991300545854702202
=005  20190130105853.0
=007  ta
=008  130904s2012\\\\xx#|||||||||||000|u|eng|\
=035  \\$a(EXLNZ-47BIBSYS_NETWORK)991300545854702201
=035  \\$a(NO-TrBIB)130054585
=035  \\$a130054585-47bibsys_network
=040  \\$aNO-OsNB$bnob$ekatreg
=100  1\$aGeherin, David$0(NO-TrBIB)90534548
=245  10$aKarin Fossum
=260  \\$c2012
=300  \\$aS. 42-59
=600  17$aFossum, Karin$d1954-$0(NO-TrBIB)90608300$2bare
=773  0\$aGeherin, David$tThe dragon tattoo and its long tail$dJefferson, N.C. : McFarland, cop. 2012$w991203390054702201
=901  \\$a80
=913  \\$aLittforsk$bNB
=960  \\$au$9LOCAL
=999  \\$aCP$9LOCAL
=999  \\$aCP$9LOCAL
=999  \\$aCP$9LOCAL
=999  \\$aCP$9LOCAL
=999  \\$aCP$9LOCAL
=999  \\$aCP$9LOCAL
=999  \\$aCP$9LOCAL
=999  \\$aCP$9LOCAL
=999  \\$aCP$9LOCAL
=999  \\$aCP$9LOCAL
=999  \\$aCP$9LOCAL
=999  \\$aCP$9LOCAL
=999  \\$aCP$9LOCAL
=999  \\$aCP$9LOCAL
=999  \\$aCP$9LOCAL
=999  \\$aCP$9LOCAL
=999  \\$aCP$9LOCAL
=999  \\$aCP$9LOCAL
=999  \\$aCP$9LOCAL
=999  \\$aCP$9LOCAL
=999  \\$aCP$9LOCAL
=999  \\$aCP$9LOCAL
=999  \\$aCP$9LOCAL
=999  \\$aCP$9LOCAL
=999  \\$aCP$9LOCAL

