=LDR  01572cam a2200433 c 4500
=001  991306055144702202
=005  20230531213650.0
=007  ta
=008  130301s2012\\\\no\\\\\e\|||||00||f|eng|\
=014  1\$a130605514$b(NO-TrBIB)
=015  \\$a1310052$2nbf
=020  \\$a978-0-547-73741-6$qh.
=035  \\$a(EXLNZ-47BIBSYS_NETWORK)991306055144702201
=035  \\$a(NO-TrBIB)130605514
=035  \\$a130605514-47bibsys_network
=035  \\$a13g014603-47bibsys_nb
=040  \\$aNO-OsNB$bnob$ekatreg
=041  1\$hnob
=042  \\$anorbibl
=044  \\$cus
=082  74$a839.823$qNO-OsNB$25/nor
=100  1\$aFossum, Karin$d1954-$0(NO-TrBIB)90608300
=245  10$aBad intentions$cKarin Fossum ; translated from the Norwegian by Charlotte Barslund
=246  1\$iOriginaltittel:$aDen onde viljen
=260  \\$aBoston$bMariner Books$c2012
=300  \\$a213 s.
=500  \\$a"An inspector Sejer mystery" - Omslaget
=655  \7$aRomaner$0(uri)https://id.nb.no/vocabulary/ntsf/258$2ntsf
=700  1\$aBarslund, Charlotte$4trl$0(NO-TrBIB)9061910
=765  0\$tDen onde viljen$w990824130454702201$z978-82-02-28854-9
=852  8\$b0030100$cg00005$hNA/A 2013:1898
=856  42$3Omslagsbilde$uhttps://contents.bibs.aws.unit.no/files/images/large/6/1/9780547737416.jpg$qimage/jpeg
=859  \\$a0030100$bg00005$cNA/A 2013:1898$f0$h0$x2015-10-31
=876  \\$a13g014603$d20130225$jkat$p13g014603$r13g014603$wBOOK$xKiP$z(h.) (Til bruk på NB Oslos lesesal)
=901  \\$a90
=913  \\$aNorbok$bNB
=913  \\$aNORLA$bNB
=960  \\$an$9local
=997  \\$an$9local

