=LDR  01355cam a2200409 c 4500
=001  991307582304702202
=005  20230531213854.0
=007  ta
=008  130715s2012\\\\xx#|||||||||||000|f|est|\
=014  1\$a13075823x$b(NO-TrBIB)
=015  \\$a1310697$2nbf
=020  \\$a9789985659649$qh.
=035  \\$a(EXLNZ-47BIBSYS_NETWORK)991307582304702201
=035  \\$a(NO-TrBIB)13075823x
=035  \\$a13075823x-47bibsys_network
=035  \\$a13g023283-47bibsys_nb
=040  \\$aNO-OsNB$bnob$ekatreg
=041  1\$hnob
=042  \\$anorbibl
=044  \\$cee
=082  74$a839.823$qNO-OsNB$25/nor
=100  1\$aFossum, Karin$d1954-$0(NO-TrBIB)90608300
=245  10$aMa näen pimedas$cKarin Fossum ; norra keelest tõlkinud Enno Turmen
=246  1\$aJeg kan se i mørket$iOriginaltittel
=260  \\$aTallinn$bEesti Raamat$ccop. 2012
=300  \\$a175 s.
=490  1\$aMirabilia
=655  \7$aRomaner$0(uri)https://id.nb.no/vocabulary/ntsf/258$2ntsf
=700  1\$aTurmen, Enno$4trl$0(NO-TrBIB)11056658
=830  \0$aMirabilia
=852  8\$b0030100$cg00005$hNA/A 2013:1675
=859  \\$a0030100$bg00005$cNA/A 2013:1675$f0$h0$x2015-10-31
=876  \\$a13g023283$d20130304$jkat$p13g023283$r13g023283$wBOOK$xKiP. 2 ex fra Norla$z(h.) (Til bruk på NB Oslos lesesal)
=901  \\$a90
=913  \\$aNorbok$bNB
=960  \\$an$9LOCAL
=997  \\$an$9LOCAL

