=LDR  01368cam a2200409 c 4500
=001  991307608974702202
=005  20230531213902.0
=007  ta
=008  130715s2013\\\\xx#|||||||||||000|f|est|\
=014  1\$a130760897$b(NO-TrBIB)
=015  \\$a1311063$2nbf
=020  \\$a9789985659793$qh.
=035  \\$a(EXLNZ-47BIBSYS_NETWORK)991307608974702201
=035  \\$a(NO-TrBIB)130760897
=035  \\$a130760897-47bibsys_network
=035  \\$a13g023429-47bibsys_nb
=040  \\$aNO-OsNB$bnob$ekatreg
=041  1\$hnob
=042  \\$anorbibl
=044  \\$cee
=082  74$a839.823$qNO-OsNB$25/nor
=100  1\$aFossum, Karin$d1954-$0(NO-TrBIB)90608300
=245  10$aHarriet Krohni mõrvalugu$cKarin Fossum ; norra keelest tõlkinud Eha Vain
=246  1\$aDrapet på Harriet Krohn$iOriginaltittel
=260  \\$aTallinn$bEesti Raamat$ccop. 2013
=300  \\$a190 s.
=490  1\$aMirabilia
=655  \7$aRomaner$0(uri)https://id.nb.no/vocabulary/ntsf/258$2ntsf
=700  1\$aVain, Eha$d1954-$4trl$0(NO-TrBIB)7005826
=830  \0$aMirabilia
=852  8\$b0030100$cg00005$hNA/A 2013:1791
=859  \\$a0030100$bg00005$cNA/A 2013:1791$f0$h0$x2015-10-31
=876  \\$a13g023429$d20130304$jkat$p13g023429$r13g023429$wBOOK$xKiP. 2 ex fra Norla$z(h.) (Til bruk på NB Oslos lesesal)
=901  \\$a90
=913  \\$aNorbok$bNB
=960  \\$an$9LOCAL
=997  \\$an$9LOCAL

