=LDR  01693cam a2200421 c 4500
=001  991307937954702202
=005  20240220011758.0
=007  ta
=008  130325s2012\\\\xx#|||||||||||000|f|tur|\
=014  1\$a130793795$b(NO-TrBIB)
=015  \\$a1311676$2nbf
=020  \\$a9786055289348$qh.
=035  \\$a(EXLNZ-47BIBSYS_NETWORK)991307937954702201
=035  \\$a(NO-TrBIB)130793795
=035  \\$a130793795-47bibsys_network
=035  \\$a13g025184-47bibsys_nb
=040  \\$aNO-OsNB$bnob$ekatreg
=041  1\$hnob$heng
=042  \\$anorbibl
=044  \\$ctr
=082  74$a839.823$qNO-OsNB$25/nor
=100  1\$aFossum, Karin$d1954-$0(NO-TrBIB)90608300
=245  10$aGöl :$bbir Norveç polisiyesi dedektif Konrad Sejer macerası$cKarin Fossum ; ıngilizceden çeviren: Sevınç S. Tezcan
=246  1\$aDen som frykter ulven$iOriginaltittel
=260  \\$aİstanbul$bPegasus yayınları$c2012
=300  \\$a304 s.
=533  \\$aElektronisk reproduksjon$b[Norge]$cNasjonalbiblioteket Digital$d2024-02-19
=655  \7$aRomaner$0(uri)https://id.nb.no/vocabulary/ntsf/258$2ntsf
=765  0\$aFossum, Karin$tDen som frykter ulven :$w999710795794702201
=852  8\$b0030100$cg00005$hNA/A 2013:2159
=856  40$3$yNB Digital$uhttp://urn.nb.no/URN:NBN:no-nb_digibok_2024012348059$z
=856  41$3Fulltekst$uhttps://urn.nb.no/URN:NBN:no-nb_digibok_2024012348059$yNettbiblioteket$zDigital representasjon
=859  \\$a0030100$bg00005$cNA/A 2013:2159$f0$h0$x2015-10-31
=876  \\$a13g025184$d20130308$jkat$p13g025184$r13g025184$wBOOK$xKiP. 1 ex fra Cappelen Damm$z(h.) (Til bruk på NB Oslos lesesal)
=901  \\$a90
=913  \\$aNorbok$bNB
=960  \\$an$9LOCAL
=997  \\$an$9LOCAL

