=LDR  01368cam a2200409 c 4500
=001  991313007924702202
=005  20230531214211.0
=007  ta
=008  130417s2012\\\\xx#|||||||||||000|f|swe|\
=014  1\$a131300792$b(NO-TrBIB)
=015  \\$a1314056$2nbf
=020  \\$a9789175031408$qh.
=035  \\$a(EXLNZ-47BIBSYS_NETWORK)991313007924702201
=035  \\$a(NO-TrBIB)131300792
=035  \\$a131300792-47bibsys_network
=035  \\$a13g033220-47bibsys_nb
=040  \\$aNO-OsNB$bnob$ekatreg
=041  1\$hnob
=042  \\$anorbibl
=044  \\$cse
=082  74$a839.823$qNO-OsNB$25/nor
=100  1\$aFossum, Karin$d1954-$0(NO-TrBIB)90608300
=245  10$aJag kan se i mörkret$cKarin Fossum ; översättning: Margareta Järnebrand
=246  1\$aJeg kan se i mørket$iOriginaltittel
=260  \\$a[Stockholm]$bMånpocket$c2012
=300  \\$a222 s.
=490  1\$aMånpocket
=655  \7$aRomaner$0(uri)https://id.nb.no/vocabulary/ntsf/258$2ntsf
=700  1\$aJärnebrand, Margareta$d1947-$4trl$0(NO-TrBIB)11045740
=830  \0$aMånpocket
=852  8\$b0030100$cg00005$hNA/A 2013:2876
=859  \\$a0030100$bg00005$cNA/A 2013:2876$f0$h0$x2015-10-31
=876  \\$a13g033220$d20130412$jkat$p13g033220$r13g033220$wBOOK$xKiP  2 ex$z(h.) (Til bruk på NB Oslos lesesal)
=901  \\$a90
=913  \\$aNorbok$bNB
=960  \\$an$9LOCAL
=997  \\$an$9LOCAL

