=LDR  03859cam a2200817 c 4500
=001  991320215364702202
=005  20230531214926.0
=007  ta
=008  150930s2013\\\\no\|||||||||||000|f|nob|\
=014  1\$a132021536$b(NO-TrBIB)
=014  1\$a132021536$b(NO-TrBIB)
=015  \\$a1327401$2nbf
=020  \\$a9788202421373$qib.$cNkr 379.00$qCappelen Damm
=020  \\$a9788252582130$qib.$qBokklubben
=035  \\$a(EXLNZ-47BIBSYS_NETWORK)991320215364702201
=035  \\$a(FHS-KS)186020
=035  \\$a(NO-OsBA)0340452
=035  \\$a(NO-TrBIB)132021536
=035  \\$a132021536-47bibsys_network
=035  \\$a13g095963-47bibsys_nb
=035  \\$a13g095968-47bibsys_nb
=040  \\$aNO-OsNB$bnob$ekatreg
=042  \\$anorbibl
=044  \\$cno
=080  \\$a82
=080  \\$a839.6
=082  04$a839.82$223
=082  04$a839.82$qNoOU$222
=082  04$a839.8238$223
=082  04$a839.82s$221
=082  74$a839.823$qNO-OsNB$25/nor
=084  \\$aS 4$2oosk
=100  1\$aFossum, Karin$d1954-$0(NO-TrBIB)90608300
=245  10$aCarmen Zita og døden :$broman$cKarin Fossum
=260  \\$a[Oslo]$bCappelen Damm$c2013
=300  \\$a216 s.
=533  \\$aElektronisk reproduksjon$b[Norge]$cNasjonalbiblioteket Digital$d2020-02-14
=653  \\$askjønnlitteratur$akriminalromaner$anorske$aromaner$a2010-tallet$akrim
=655  \4$aKriminal
=655  \7$aRomaner$0(uri)https://id.nb.no/vocabulary/ntsf/258$2ntsf
=767  0\$aFossum, Karin$tCarmen och döden$w991405524214702201
=767  0\$aFossum, Karin$tCarmen Zita ja kuolema :$w991431811304702201
=767  0\$aFossum, Karin$tCarmen Zita ja surm$w991427775444702201
=767  0\$aFossum, Karin$tSchlafe, mein Prinzchen, schlaf ein$w991504578474702201
=767  0\$aFossum, Karin$tThe drowned boy$w991511467054702201
=767  0\$aFossum, Karin$tThe drowned boy$w991516003924702201
=767  0\$aFossum, Karin$tThe drowned boy$w999920116593002201
=767  0\$tSchlafe, mein Prinzchen, schlaf ein$w999920755877202201$z978-3-492-50204-7
=776  0\$tCarmen Zita og døden : roman$w991330928524702201
=852  8\$b0030100$cg00005$hNA/A 2013:10359
=852  8\$b0183334$cg00001$hb
=856  40$3$yNB Digital$uhttp://urn.nb.no/URN:NBN:no-nb_digibok_2020021477017$z
=856  41$3Fulltekst$uhttps://urn.nb.no/URN:NBN:no-nb_digibok_2020021477017$yNettbiblioteket$zDigital representasjon
=856  42$3Forlagets beskrivelse (kort)$uhttps://contents.bibs.aws.unit.no/?isbn=8202421373
=856  42$3Forlagets beskrivelse (kort)$uhttps://contents.bibs.aws.unit.no/?isbn=9788202421373
=856  42$3Forlagets beskrivelse (kort)$uhttps://contents.bibs.aws.unit.no/?isbn=9788252582130
=856  42$3Forlagets beskrivelse (lang)$uhttps://contents.bibs.aws.unit.no/?isbn=9788252582130
=856  42$3Forlagets beskrivelse (lang)$uhttps://contents.bibs.aws.unit.no/content/?isbn=9788202421373
=856  42$3Omslagsbilde$uhttps://contents.bibs.aws.unit.no/files/images/large/0/3/9788252582130.jpg$qimage/jpeg
=856  42$3Omslagsbilde$uhttps://contents.bibs.aws.unit.no/files/images/large/3/7/9788202421373.jpg$qimage/jpeg
=856  42$3Omslagsbilde$uhttps://contents.bibs.aws.unit.no/files/images/small/0/3/9788252582130.jpg$qimage/jpeg
=856  42$3Omslagsbilde$uhttps://contents.bibs.aws.unit.no/files/images/small/3/7/9788202421373.jpg$qimage/jpeg
=856  42$3Originalt bilde$uhttps://contents.bibs.aws.unit.no/files/images/original/3/7/9788202421373.jpg$qimage/jpeg
=859  \\$a0030100$bg00005$cNA/A 2013:10359$f0$h0$x2015-10-31
=859  \\$a0183334$bg00001$cb$f0$h0$x2015-10-31
=876  \\$a13g095963$d20130902$jkat$p13g095963$r13g095963$wBOOK
=876  \\$a13g095968$d20130902$jkat$p13g095968$r13g095968$wBOOK$z(ib.) (Til bruk på NB Oslos lesesal)
=901  \\$a90
=913  \\$aKulturfond$bNB
=913  \\$aNorbok$bNB
=913  \\$aNORLA$bNB

