=LDR  02441cjm a2200529 c 4500
=001  991320996754702202
=005  20160330143024.0
=007  sd\f||||||||||
=008  130724s2012\\\\no\||||\||||||||||||nno|\
=014  1\$a132099675$b(NO-TrBIB)
=014  1\$a132099675$b(NO-TrBIB)
=028  03$aGRCD 4394$bGrappa
=035  \\$a(EXLNZ-47BIBSYS_NETWORK)991320996754702201
=035  \\$a(NO-TrBIB)132099675
=035  \\$a132099675-47bibsys_network
=035  \\$a13g057219-47bibsys_nb
=035  \\$a13g057225-47bibsys_nb
=040  \\$aNO-OsNB$bnob$ekatreg
=100  1\$aAsbjørnsen, Hilde Louise$d1976-$4cmp$4lyr$4sng$0(NO-TrBIB)6045627
=245  10$aMånesjuk$c[tekst og musikk]: Hilde Louise Asbjørnsen$h[lydopptak]
=260  \\$a[Oslo]$bGrappa$c[2012]
=300  \\$a1 CD (39 min)$c12 cm
=500  \\$aDigipak
=500  \\$aGrappa: GRCD4394
=500  \\$aInnspilt: Oslo : Krutrøyk studio
=511  0\$aHilde Louise Asbjørnsen, sang ; Anders Aarum, klaver, elpiano, harmonium, elorgel, trekkspill, klokkespill, synthesizer ; Svein Erik Martinsen Ånestad, gitar ; Jens Fossum, kontrabass ; Klaus Robert Blomvik, slagverk, perkusjon ; Bjarke Falgren, strykere ; Atle Nymo, klarinett ; Hans Martin Austestad, banjo ; Julie Dahle Aagård, Karin Okkenhaug Seim, sang
=511  0\$aProdusent: Anders Aarum
=700  1\$aAagård, Julie Dahle$d1978-$4mus$0(NO-TrBIB)2099630
=700  1\$aAarum, Anders$d1974-$4mus$4pro$0(NO-TrBIB)2006416
=700  1\$aAsbjørnsen, Hilde Louise$d1976-$4sng$0(NO-TrBIB)6045627
=700  1\$aAustestad, Hans Martin$d1983-$4mus$0(NO-TrBIB)9076271
=700  1\$aBlomvik, Klaus Robert$d1975-$4mus$0(NO-TrBIB)6045623
=700  1\$aFalgren, Bjarke$4mus$0(NO-TrBIB)15035933
=700  1\$aFossum, Jens$d1972-$4mus$0(NO-TrBIB)2108516
=700  1\$aMartinsen, Svein Erik$d1977-$4mus$0(NO-TrBIB)12006532
=700  1\$aNymo, Atle$d1977-$4mus$0(NO-TrBIB)2100117
=700  1\$aSeim, Karin Okkenhaug$d1977-$4mus$0(NO-TrBIB)8017510
=852  8\$b0030100$cg00022$hLyd f/17329
=852  8\$b0183334$cg00001$hMPCD 9792
=859  \\$a0030100$bg00022$cLyd f/17329$f0$h0$x2015-10-31
=859  \\$a0183334$bg00001$cMPCD 9792$f0$h0$x2015-10-31
=876  \\$a13g057219$d20130604$jmini$p13g057219$r13g057219$wCD$z(Under arbeid)
=876  \\$a13g057225$d20130604$jmini$p13g057225$r13g057225$wCD$z(Til bruk i Mediateket)
=901  \\$a60
=913  \\$aMusikk$bNB
=913  \\$aNordisko$bNB
=991  \\$atracks

