=LDR  02326cim a2200517 c 4500
=001  991321592364702202
=005  20230307153007.0
=007  sd\f||||||||||
=008  141112s2013\\\\no#||||\|||||||f#|||nob|\
=014  1\$a132159236$b(NO-TrBIB)
=014  1\$a132159236$b(NO-TrBIB)
=015  \\$a1434426$2nbf
=020  \\$a9788202424183$cNkr 379.00
=035  \\$a(EXLNZ-47BIBSYS_NETWORK)991321592364702201
=035  \\$a(NO-OsBA)0342495
=035  \\$a(NO-TrBIB)132159236
=035  \\$a132159236-47bibsys_network
=035  \\$a14g129825-47bibsys_nb
=035  \\$a14g173405-47bibsys_nb
=040  \\$aNO-OsNB$bnob$ekatreg
=042  \\$anorbibl
=044  \\$cno
=082  04$a838.82$223
=082  74$a839.823$qNO-OsNB$25/nor
=100  1\$aFossum, Karin$d1954-$4aut$0(NO-TrBIB)90608300
=245  10$aCarmen Zita og døden$cKarin Fossum$h[lydopptak]
=260  \\$a[Oslo]$bCappelen Damm$c2013
=300  \\$a6 CD-er (6 t, 56 min)$c12 cm, i eske
=500  \\$aLest av Kim Haugen
=653  \\$askjønnlitteratur$akriminalromaner$anorsk$alitteratur
=700  1\$aHaugen, Kim$d1958-$4nrt$0(NO-TrBIB)98011890
=852  8\$b0030100$cg00005$hNA/A 2014:11614
=852  8\$b0183334$cg00001$hKZ 2014 0593-0598
=856  42$3Forlagets beskrivelse (kort)$uhttps://contents.bibs.aws.unit.no/?isbn=8202424186
=856  42$3Forlagets beskrivelse (kort)$uhttps://contents.bibs.aws.unit.no/?isbn=9788202424183
=856  42$3Forlagets beskrivelse (lang)$uhttps://contents.bibs.aws.unit.no/content/?isbn=9788202424183
=856  42$3Lydfil$uhttps://contents.bibs.aws.unit.no/files/audio/mp3/3/8/9788202424183.mp3$qaudio/mpeg
=856  42$3Miniatyrbilde$uhttps://contents.bibs.aws.unit.no/files/images/small/3/8/9788202424183.jpg$qimage/jpeg
=856  42$3Omslagsbilde$uhttps://contents.bibs.aws.unit.no/files/images/large/3/8/9788202424183.jpg$qimage/jpeg
=856  42$3Originalt bilde$uhttps://contents.bibs.aws.unit.no/files/images/original/3/8/9788202424183.jpg$qimage/jpeg
=859  \\$a0030100$bg00005$cNA/A 2014:11614$f0$h0$x2015-10-31
=859  \\$a0183334$bg00001$cKZ 2014 0593-0598$f0$h0$x2015-10-31
=876  \\$a14g129825$d20140925$jkat$p14g129825$r14g129825$wCD
=876  \\$a14g173405$d20140925$jkat$p14g173405$r14g173405$wCD$z(CD-plate)(Til bruk på NB Oslos lesesal)
=901  \\$a90
=913  \\$aNorbok$bNB

