=LDR  01464cam a2200433 c 4500
=001  991322492004702202
=005  20230531215509.0
=007  ta
=008  130717s2013\\\\xx#|||||||||||000|f|cze|\
=014  1\$a132249200$b(NO-TrBIB)
=015  \\$a1322475$2nbf
=020  \\$a9788072947126$qib.
=035  \\$a(EXLNZ-47BIBSYS_NETWORK)991322492004702201
=035  \\$a(NO-TrBIB)132249200
=035  \\$a132249200-47bibsys_network
=035  \\$a13g066772-47bibsys_nb
=040  \\$aNO-OsNB$bnob$ekatreg
=041  1\$hnob
=042  \\$anorbibl
=044  \\$ccz
=082  74$a839.823$qNO-OsNB$25/nor
=100  1\$aFossum, Karin$d1954-$0(NO-TrBIB)90608300
=245  10$aProvokatér$cKarin Fossumová ; [přeložila Karolína Stehlíková]
=246  1\$aVarsleren$iOriginaltittel
=260  \\$aBrno$bVydal Host$c2013
=300  \\$a213 s.
=490  1\$aDetektivní román Host
=536  \\$aNORLA
=655  \7$aRomaner$0(uri)https://id.nb.no/vocabulary/ntsf/258$2ntsf
=700  1\$aStehlíková, Karolína$d1975-$4trl$0(NO-TrBIB)5097330
=765  0\$aFossum, Karin$tVarsleren$w990925566714702201
=830  \0$aDetektivní román Host
=852  8\$b0030100$cg00005$hNA/A 2013:6843
=859  \\$a0030100$bg00005$cNA/A 2013:6843$f0$h0$x2015-10-31
=876  \\$a13g066772$d20130626$jkat$p13g066772$r13g066772$wBOOK$xKiP. 2 ex fra Norla$z(ib.) (Til bruk på NB Oslos lesesal)
=901  \\$a90
=913  \\$aNorbok$bNB
=960  \\$an$9LOCAL
=997  \\$an$9LOCAL

