=LDR  01508cam a2200433 c 4500
=001  991322494644702202
=005  20230531215512.0
=007  ta
=008  140618s2013\\\\xx#|||||||||||000|f|spa|\
=014  1\$a132249464$b(NO-TrBIB)
=015  \\$a1322725$2nbf
=020  \\$a9788439726395$qh.
=035  \\$a(EXLNZ-47BIBSYS_NETWORK)991322494644702201
=035  \\$a(NO-TrBIB)132249464
=035  \\$a132249464-47bibsys_network
=035  \\$a13g066821-47bibsys_nb
=040  \\$aNO-OsNB$bnob$ekatreg
=041  1\$hnob
=042  \\$anorbibl
=044  \\$ces
=082  74$a839.823$qNO-OsNB$25/nor
=100  1\$aFossum, Karin$d1954-$0(NO-TrBIB)90608300
=245  10$aSegundos negros$cKarin Fossum ; traducción de Kirsti Baggethun y Asunción Lorenzo
=246  1\$aSvarte sekunder$iOriginaltittel
=260  \\$aBarcelona$bRoja & Negra$c2013
=300  \\$a262 s.
=500  \\$aNr. på ryggen : 34
=536  \\$aNORLA
=655  \7$aRomaner$0(uri)https://id.nb.no/vocabulary/ntsf/258$2ntsf
=700  1\$aBaggethun, Kirsti$d1944-$4trl$0(NO-TrBIB)90584630
=700  1\$aLorenzo, Asunción$4trl$0(NO-TrBIB)6021783
=765  0\$aFossum, Karin$tSvarte sekunder :$w990216462524702201
=852  8\$b0030100$cg00005$hNA/A 2013:7771
=859  \\$a0030100$bg00005$cNA/A 2013:7771$f0$h0$x2015-10-31
=876  \\$a13g066821$d20130626$jkat$p13g066821$r13g066821$wBOOK$xKiP. 2 ex fra Norla$z(h.) (Til bruk på NB Oslos lesesal)
=901  \\$a90
=913  \\$aNorbok$bNB
=960  \\$an$9LOCAL
=997  \\$an$9LOCAL

