=LDR  02698cjm a2200553 c 4500
=001  991322820894702202
=005  20230727084604.0
=007  sd\b||||||||||
=008  150915s2012\\\\no#||||\||||||||||||nno|^
=014  1\$a132282089$b(NO-TrBIB)
=014  1\$a132282089$b(NO-TrBIB)
=015  \\$a1526992$2nbf
=028  03$aGRLP 4415
=035  \\$a(EXLNZ-47BIBSYS_NETWORK)991322820894702201
=035  \\$a(NO-TrBIB)132282089
=035  \\$a132282089-47bibsys_network
=035  \\$a13g069284-47bibsys_nb
=035  \\$a13g069285-47bibsys_nb
=040  \\$aNO-OsNB$bnob$ekatreg
=042  \\$anorbibl
=044  \\$cno
=100  1\$aAsbjørnsen, Hilde Louise$d1976-$4cmp$4lyr$0(NO-TrBIB)6045627
=245  10$aMånesjuk$c[tekst og musikk]: Hilde Louise Asbjørnsen$h[lydopptak]
=260  \\$a[Oslo]$bGrappa$c[2012]
=300  \\$a1 LP$b33 1/3 r/min$c30 cm
=500  \\$aGrappa: GRLP 4415
=500  \\$aInnspilt: Oslo : Krutrøyk studio
=500  \\$aProdusent: Anders Aarum
=500  \\$aTrykt inneromslag
=511  0\$aKarin Okkenhaug Seim (sang) ; Hilde Louise Asbjørnsen (sang) ; Anders Aarum (klaver, elpiano, harmonium, elorgel, trekkspill, klokkespill, synthesizer) ; Svein Erik Martinsen Ånestad (gitar) ; Jens Fossum (kontrabass) ; Klaus Robert Blomvik (slagverk, perkusjon) ; Bjarke Falgren (strykere) ; Atle Nymo (klarinett) ; Hans Martin Austestad (banjo) ; Julie Dahle Aagård (sang)
=700  1\$aAagård, Julie Dahle$d1978-$eutøver$esang$0(NO-TrBIB)2099630
=700  1\$aAarum, Anders$d1974-$eutøver$eklaver$eelpiano$eharmonium$eelorgel$etrekkspill$eklokkespill$esynthesizer$4pro$0(NO-TrBIB)2006416
=700  1\$aAsbjørnsen, Hilde Louise$d1976-$eutøver$esang$0(NO-TrBIB)6045627
=700  1\$aAustestad, Hans Martin$d1983-$eutøver$ebanjo$0(NO-TrBIB)9076271
=700  1\$aBlomvik, Klaus Robert$d1975-$eutøver$eslagverk$eperkusjon$0(NO-TrBIB)6045623
=700  1\$aFalgren, Bjarke$eutøver$estrykere$0(NO-TrBIB)15035933
=700  1\$aFossum, Jens$d1972-$eutøver$ekontrabass$0(NO-TrBIB)2108516
=700  1\$aMartinsen, Svein Erik$d1977-$eutøver$egitar$0(NO-TrBIB)12006532
=700  1\$aNymo, Atle$d1977-$eutøver$eklarinett$0(NO-TrBIB)2100117
=700  1\$aSeim, Karin Okkenhaug$d1977-$eutøver$esang$0(NO-TrBIB)8017510
=852  8\$b0030100$cg00022$hLyd c/8138
=852  8\$b0183334$cg00001$hMPLP 1753
=859  \\$a0030100$bg00022$cLyd c/8138$f0$h0$x2015-10-31
=859  \\$a0183334$bg00001$cMPLP 1753$f0$h0$x2015-10-31
=876  \\$a13g069284$d20130702$jkat$p13g069284$r13g069284$wRECORD
=876  \\$a13g069285$d20130702$jkat$p13g069285$r13g069285$wRECORD$z(Til bruk i Mediateket)
=901  \\$a90
=913  \\$aNordisko$bNB
=991  \\$atracks

