=LDR  02314cam a2200505 c 4500
=001  991323464194702202
=005  20230531215702.0
=007  ta
=008  131213s2013\\\\xx\|||||||||||000|f|eng|\
=014  1\$a132346419$b(NO-TrBIB)
=015  \\$a1323930$2nbf
=020  \\$a9780099554974$qh.
=035  \\$a(EXLNZ-47BIBSYS_NETWORK)991323464194702201
=035  \\$a(NO-TrBIB)132346419
=035  \\$a132346419-47bibsys_network
=035  \\$a13g073587-47bibsys_nb
=040  \\$aNO-OsNB$bnob$ekatreg
=041  1\$hnob
=042  \\$anorbibl
=044  \\$cgb
=082  74$a839.823$qNO-OsNB$25/nor
=100  1\$aFossum, Karin$d1954-$0(NO-TrBIB)90608300
=245  10$aIn the darkness$cKarin Fossum ; translated from the Norwegian by James Anderson
=246  1\$aEvas øye$iOriginaltittel
=260  \\$aLondon$bVintage Books$c2013
=300  \\$a392 s.
=533  \\$aElektronisk reproduksjon$b[Norge]$cNasjonalbiblioteket Digital$d2023-03-13
=655  \7$aRomaner$0(uri)https://id.nb.no/vocabulary/ntsf/258$2ntsf
=700  1\$aAnderson, James$0(NO-TrBIB)13060080$4trl
=765  0\$aFossum, Karin$tEvas øye :$w999523438194702201
=852  8\$b0030100$cg00005$hNA/A 2013:9199
=856  40$3$yNB Digital$uhttp://urn.nb.no/URN:NBN:no-nb_digibok_2023020948096$z
=856  41$3Fulltekst$uhttps://urn.nb.no/URN:NBN:no-nb_digibok_2023020948096$yNettbiblioteket$zDigital representasjon
=856  42$3Forlagets beskrivelse (kort)$uhttps://contents.bibs.aws.unit.no/?isbn=0099554976
=856  42$3Forlagets beskrivelse (kort)$uhttps://contents.bibs.aws.unit.no/content/?isbn=9780099554974
=856  42$3Forlagets beskrivelse (lang)$uhttps://contents.bibs.aws.unit.no/?isbn=0099554976
=856  42$3Forlagets beskrivelse (lang)$uhttps://contents.bibs.aws.unit.no/content/?isbn=9780099554974
=856  42$3Omslagsbilde$uhttps://contents.bibs.aws.unit.no/files/images/large/4/7/9780099554974.jpg$qimage/jpeg
=856  42$3Omslagsbilde$uhttps://contents.bibs.aws.unit.no/files/images/small/4/7/9780099554974.jpg$qimage/jpeg
=859  \\$a0030100$bg00005$cNA/A 2013:9199$f0$h0$x2015-10-31
=876  \\$a13g073587$d20130715$jkat$p13g073587$r13g073587$wBOOK$xKiP. 1 ex fra Cappelen Damm$z(h.) (Til bruk på NB Oslos lesesal)
=901  \\$a90
=913  \\$aNorbok$bNB
=960  \\$an$9local
=997  \\$an$9local

