=LDR  01962cam a2200469 c 4500
=001  991324463914702202
=005  20230531215812.0
=007  ta
=008  140815s2013\\\\xx#|||||||||||000|f|eng|\
=014  1\$a132446391$b(NO-TrBIB)
=015  \\$a1324232$2nbf
=020  \\$a9781846556135$qh.
=035  \\$a(EXLNZ-47BIBSYS_NETWORK)991324463914702201
=035  \\$a(NO-TrBIB)132446391
=035  \\$a132446391-47bibsys_network
=035  \\$a13g083070-47bibsys_nb
=040  \\$aNO-OsNB$bnob$ekatreg
=041  1\$hnob
=042  \\$anorbibl
=044  \\$cgb
=082  74$a839.823$qNO-OsNB$25/nor
=100  1\$aFossum, Karin$d1954-$0(NO-TrBIB)90608300
=245  10$aI can see in the dark$cKarin Fossum ; translated from the Norwegian by James Anderson
=246  1\$aJeg kan se i mørket$iOriginaltittel
=260  \\$aLondon$bHarvill Secker$c2013
=300  \\$a250 s.
=536  \\$aNORLA
=655  \7$aRomaner$0(uri)https://id.nb.no/vocabulary/ntsf/258$2ntsf
=700  1\$aAnderson, James$4trl$0(NO-TrBIB)13060080
=765  0\$aFossum, Karin$tJeg kan se i mørket :$w991127625904702201
=852  8\$b0030100$cg00005$hNA/A 2013:9363
=856  42$3Forlagets beskrivelse (kort)$uhttps://contents.bibs.aws.unit.no/content/?isbn=9781846556135
=856  42$3Forlagets beskrivelse (lang)$uhttps://contents.bibs.aws.unit.no/?isbn=1846556139
=856  42$3Forlagets beskrivelse (lang)$uhttps://contents.bibs.aws.unit.no/content/?isbn=9781846556135
=856  42$3Omslagsbilde$uhttps://contents.bibs.aws.unit.no/files/images/large/5/3/9781846556135.jpg$qimage/jpeg
=856  42$3Omslagsbilde$uhttps://contents.bibs.aws.unit.no/files/images/small/5/3/9781846556135.jpg$qimage/jpeg
=859  \\$a0030100$bg00005$cNA/A 2013:9363$f0$h0$x2015-10-31
=876  \\$a13g083070$d20130802$jkat$p13g083070$r13g083070$wBOOK$xKiP. 2 ex fra Norla$z(h.) (Til bruk på NB Oslos lesesal)
=901  \\$a90
=913  \\$aNorbok$bNB
=960  \\$an$9LOCAL
=997  \\$an$9LOCAL

