=LDR  01637cam a2200433 c 4500
=001  991326382904702202
=005  20240125095605.0
=007  ta
=008  130829s2007\\\\xx#|||||||||||000|f|kor|\
=014  1\$a132638290$b(NO-TrBIB)
=015  \\$a1325838$2nbf
=020  \\$a9788975275746$qib.
=035  \\$a(EXLNZ-47BIBSYS_NETWORK)991326382904702201
=035  \\$a(NO-TrBIB)132638290
=035  \\$a132638290-47bibsys_network
=035  \\$a13g094563-47bibsys_nb
=040  \\$aNO-OsNB$bnob$ekatreg
=041  1\$hnob
=042  \\$anorbibl
=044  \\$ckr
=082  74$a839.823$qNO-OsNB$25/nor
=100  1\$aFossum, Karin$d1954-$0(NO-TrBIB)90608300
=245  10$aDora bodjima$cKarin Fossum ; [oversatt av] Seung-uk Kim
=246  1\$aSe deg ikke tilbake!$iOriginaltittel
=260  \\$aKyongi-do$bDulnyouk$c2007
=300  \\$a446 s.
=533  \\$aElektronisk reproduksjon$b[Norge]$cNasjonalbiblioteket Digital$d2023-12-13
=655  \7$aRomaner$0(uri)https://id.nb.no/vocabulary/ntsf/258$2ntsf
=700  1\$aKim, Seung-uk$4trl$0(NO-TrBIB)13045760
=765  0\$aFossum, Karin$tSe deg ikke tilbake! :$w999609024224702201
=852  8\$b0030100$cg00005$hNA/A 2013:9841
=856  40$3$yNB Digital$uhttp://urn.nb.no/URN:NBN:no-nb_digibok_2023110748159$z
=856  41$3Fulltekst$uhttps://urn.nb.no/URN:NBN:no-nb_digibok_2023110748159$yNettbiblioteket$zDigital representasjon
=859  \\$a0030100$bg00005$cNA/A 2013:9841$f0$h0$x2015-10-31
=876  \\$a13g094563$d20130829$jkat$p13g094563$r13g094563$wBOOK$z(ib.) (Til bruk på NB Oslos lesesal)
=901  \\$a90
=913  \\$aNorbok$bNB
=960  \\$an$9LOCAL
=997  \\$an$9LOCAL

