=LDR  01722cam a2200373 c 4500
=001  991327646284702202
=005  20230531220818.0
=007  cr\|||||||||||
=008  131017s2010\\\\no#|||||o|||||000|f|nob|\
=015  \\$a1327998$2nbf
=020  \\$a9788202302573$cNkr 99.00
=035  \\$a(EXLNZ-47BIBSYS_NETWORK)991327646284702201
=035  \\$a(NO-TrBIB)132764628
=035  \\$a132764628-47bibsys_network
=040  \\$aNO-OsNB$bnob$ekatreg
=042  \\$anorbibl
=044  \\$cno
=082  74$a839.823$qNO-OsNB$25/nor
=100  1\$aFossum, Karin$d1954-$0(NO-TrBIB)90608300
=245  10$aDen som elsker noe annet :$bkriminalroman$cKarin Fossum$h[elektronisk ressurs]
=260  \\$aOslo$bCappelen$c2010
=300  \\$a1 fil$bEPUB
=500  \\$aTittel fra tittelskjermbildet
=653  \\$anorsk$aromaner$a2000-tallet$akrim$aspenning
=655  \7$aRomaner$0(uri)https://id.nb.no/vocabulary/ntsf/258$2ntsf
=856  40$3$yNB Digital$uhttp://urn.nb.no/URN:NBN:no-nb_digiebok_1679$zTilgjengelig på NBs lesesal
=856  40$3$yNB Digital$uhttp://urn.nb.no/URN:NBN:no-nb_digiebok_2270$zTilgjengelig på NBs lesesal. Versjon 3
=856  42$3Forlagets beskrivelse (kort)$uhttps://contents.bibs.aws.unit.no/?isbn=9788202302573
=856  42$3Forlagets beskrivelse (lang)$uhttps://contents.bibs.aws.unit.no/content/?isbn=9788202302573
=856  42$3Omslagsbilde$uhttps://contents.bibs.aws.unit.no/files/images/large/3/7/9788202302573.jpg$qimage/jpeg
=856  42$3Omslagsbilde$uhttps://contents.bibs.aws.unit.no/files/images/small/3/7/9788202302573.jpg$qimage/jpeg
=856  42$3Originalt bilde$uhttps://contents.bibs.aws.unit.no/files/images/original/3/7/9788202302573.jpg$qimage/jpeg
=901  \\$a90
=913  \\$aNorbok$bNB

