=LDR  01546cam a2200349 c 4500
=001  991327692394702202
=005  20230531220824.0
=007  cr\|||||||||||
=008  131017s2010\\\\no#|||||o|||||000|f|nob|\
=015  \\$a1328085$2nbf
=020  \\$a9788202302689$cNkr 99.00
=035  \\$a(EXLNZ-47BIBSYS_NETWORK)991327692394702201
=035  \\$a(NO-TrBIB)132769239
=035  \\$a132769239-47bibsys_network
=040  \\$aNO-OsNB$bnob$ekatreg
=042  \\$anorbibl
=044  \\$cno
=082  74$a839.823$qNO-OsNB$25/nor
=100  1\$aFossum, Karin$d1954-$0(NO-TrBIB)90608300
=245  10$aDe gales hus :$broman$cKarin Fossum$h[elektronisk ressurs]
=260  \\$a[Oslo]$bCappelen Damm$c2010
=300  \\$a1 fil$bEPUB
=500  \\$aTittel fra tittelskjermbildet
=655  \7$aRomaner$0(uri)https://id.nb.no/vocabulary/ntsf/258$2ntsf
=856  40$3$yNB Digital$uhttp://urn.nb.no/URN:NBN:no-nb_digiebok_1681$zTilgjengelig på NBs lesesal. (Versjon 3)
=856  42$3Forlagets beskrivelse (kort)$uhttps://contents.bibs.aws.unit.no/?isbn=9788202302689
=856  42$3Forlagets beskrivelse (lang)$uhttps://contents.bibs.aws.unit.no/content/?isbn=9788202302689
=856  42$3Omslagsbilde$uhttps://contents.bibs.aws.unit.no/files/images/large/9/8/9788202302689.jpg$qimage/jpeg
=856  42$3Omslagsbilde$uhttps://contents.bibs.aws.unit.no/files/images/small/9/8/9788202302689.jpg$qimage/jpeg
=856  42$3Originalt bilde$uhttps://contents.bibs.aws.unit.no/files/images/original/9/8/9788202302689.jpg$qimage/jpeg
=901  \\$a90
=913  \\$aNorbok$bNB

