=LDR  01573cam a2200361 c 4500
=001  991328050224702202
=005  20230531221120.0
=007  cr\|||||||||||
=008  131009s2011\\\\no#|||||o|||||000|f|nob|\
=015  \\$a1328580$2nbf
=020  \\$a9788202303419$cNkr 99.00
=035  \\$a(EXLNZ-47BIBSYS_NETWORK)991328050224702201
=035  \\$a(NO-TrBIB)132805022
=035  \\$a132805022-47bibsys_network
=040  \\$aNO-OsNB$bnob$ekatreg
=042  \\$anorbibl
=044  \\$cno
=082  74$a839.823$qNO-OsNB$25/nor
=100  1\$aFossum, Karin$d1954-$0(NO-TrBIB)90608300
=245  10$aNatt til fjerde november$cKarin Fossum$h[elektronisk ressurs]
=260  \\$a[Oslo]$bCappelen Damm$c2011
=300  \\$a1 fil$bEPUB
=500  \\$aTittel fra tittelskjermbildet
=655  \7$aRomaner$0(uri)https://id.nb.no/vocabulary/ntsf/258$2ntsf
=740  0\$aNatt til 4. november
=856  40$3$yNB Digital$uhttp://urn.nb.no/URN:NBN:no-nb_digiebok_1716$zTilgjengelig på NBs lesesal
=856  42$3Forlagets beskrivelse (kort)$uhttps://contents.bibs.aws.unit.no/?isbn=9788202303419
=856  42$3Forlagets beskrivelse (lang)$uhttps://contents.bibs.aws.unit.no/content/?isbn=9788202303419
=856  42$3Omslagsbilde$uhttps://contents.bibs.aws.unit.no/files/images/large/9/1/9788202303419.jpg$qimage/jpeg
=856  42$3Omslagsbilde$uhttps://contents.bibs.aws.unit.no/files/images/small/9/1/9788202303419.jpg$qimage/jpeg
=856  42$3Originalt bilde$uhttps://contents.bibs.aws.unit.no/files/images/original/9/1/9788202303419.jpg$qimage/jpeg
=901  \\$a90
=913  \\$aNorbok$bNB

