=LDR  01588cam a2200457 c 4500
=001  991328238614702202
=005  20230531221335.0
=007  ta
=008  131007s2012\\\\xx#|||||||||||000|f|bul|\
=014  1\$a132823861$b(NO-TrBIB)
=015  \\$a1330131$2nbf
=020  \\$a9789543572458$qh.
=035  \\$a(EXLNZ-47BIBSYS_NETWORK)991328238614702201
=035  \\$a(NO-TrBIB)132823861
=035  \\$a132823861-47bibsys_network
=035  \\$a13g106588-47bibsys_nb
=040  \\$aNO-OsNB$bnob$ekatreg
=041  1\$hnob
=042  \\$anorbibl
=044  \\$cbg
=082  74$a839.823$qNO-OsNB$25/nor
=100  1\$aFossum, Karin$d1954-$0(NO-TrBIB)90608300
=245  10$aKojto se strachuva ot mečki-$cKarin Fosum ; prevela ot norvežki: Eva Kŭneva
=246  1\$aDen som frykter ulven$iOriginaltittel
=260  \\$a[Sofija]$bEMAS$c[2012]
=300  \\$a277 s.
=490  1\$aKriminale$v13
=500  \\$aPå omslaget: Tretijat slučaj na inspektor Sejer
=536  \\$aNORLA
=655  \7$aRomaner$0(uri)https://id.nb.no/vocabulary/ntsf/258$2ntsf
=700  1\$aKŭneva, Eva$d1985-$4trl$0(NO-TrBIB)10039674
=740  0\$aTretijat slučaj na inspektor Sejer
=765  0\$aFossum, Karin$tDen som frykter ulven :$w999710795794702201
=830  \0$aKriminale$v13
=852  8\$b0030100$cg00005$hNA/A 2013:11203
=859  \\$a0030100$bg00005$cNA/A 2013:11203$f0$h0$x2015-10-31
=876  \\$a13g106588$d20130926$jkat$p13g106588$r13g106588$wBOOK$xKiP. 2 ex fra Norla$z(h.) (Til bruk på NB Oslos lesesal)
=901  \\$a90
=913  \\$aNorbok$bNB
=960  \\$an$9LOCAL
=997  \\$an$9LOCAL

