=LDR  01922cam a2200457 c 4500
=001  991329823664702202
=005  20231114060528.0
=007  ta
=008  131014s2013\\\\xx\|||||||||||000|f|eng|\
=014  1\$a132982366$b(NO-TrBIB)
=015  \\$a1330634$2nbf
=020  \\$a9780547738758$qib.
=035  \\$a(EXLNZ-47BIBSYS_NETWORK)991329823664702201
=035  \\$a(NO-TrBIB)132982366
=035  \\$a132982366-47bibsys_network
=035  \\$a13g111244-47bibsys_nb
=040  \\$aNO-OsNB$bnob$ekatreg
=041  1\$hnob
=042  \\$anorbibl
=044  \\$cus
=082  74$a839.823$qNO-OsNB$25/nor
=100  1\$aFossum, Karin$d1954-$0(NO-TrBIB)90608300
=245  10$aEva's eye$cKarin Fossum ; translated from the Norwegian by James Anderson
=246  1\$aEvas øye$iOriginaltittel
=260  \\$aBoston, Mass.$bHoughton Mifflin Harcourt$c2013
=300  \\$a292 s.
=533  \\$aElektronisk reproduksjon$b[Norge]$cNasjonalbiblioteket Digital$d2023-11-13
=655  \7$aRomaner$0(uri)https://id.nb.no/vocabulary/ntsf/258$2ntsf
=700  1\$aAnderson, James$0(NO-TrBIB)13060080$4trl
=765  0\$aFossum, Karin$tEvas øye :$w999523438194702201
=852  8\$b0030100$cg00005$hNA/A 2013:11214
=856  40$3$yNB Digital$uhttp://urn.nb.no/URN:NBN:no-nb_digibok_2023101048122$z
=856  41$3Fulltekst$uhttps://urn.nb.no/URN:NBN:no-nb_digibok_2023101048122$yNettbiblioteket$zDigital representasjon
=856  42$3Miniatyrbilde$uhttps://contents.bibs.aws.unit.no/files/images/small/8/5/9780547738758.jpg$qimage/jpeg
=856  42$3Omslagsbilde$uhttps://contents.bibs.aws.unit.no/files/images/large/8/5/9780547738758.jpg$qimage/jpeg
=859  \\$a0030100$bg00005$cNA/A 2013:11214$f0$h0$x2015-10-31
=876  \\$a13g111244$d20131008$jkat$p13g111244$r13g111244$wBOOK$xKiP. 1 ex fra Cappelen Damm$z(ib.) (Til bruk på NB Oslos lesesal)
=901  \\$a90
=913  \\$aNorbok$bNB
=960  \\$an$9local
=997  \\$an$9local

