=LDR  01478cam a2200409 c 4500
=001  991329865404702202
=005  20230531221724.0
=007  ta
=008  140926s2013\\\\xx#|||||||||||000|f|eng|\
=014  1\$a13298654x$b(NO-TrBIB)
=015  \\$a1330750$2nbf
=020  \\$a9780544002180$qh.
=035  \\$a(EXLNZ-47BIBSYS_NETWORK)991329865404702201
=035  \\$a(NO-TrBIB)13298654x
=035  \\$a13298654x-47bibsys_network
=035  \\$a13g111465-47bibsys_nb
=040  \\$aNO-OsNB$bnob$ekatreg
=041  1\$hnob
=042  \\$anorbibl
=044  \\$cus
=082  74$a839.823$qNO-OsNB$25/nor
=100  1\$aFossum, Karin$d1954-$0(NO-TrBIB)90608300
=245  14$aThe caller$cKarin Fossum ; translated from the Norwegian by K.E. Semmel
=246  1\$aVarsleren$iOriginaltittel
=260  \\$aBoston$bMariner Books$c2013
=300  \\$a244 s.
=655  \7$aRomaner$0(uri)https://id.nb.no/vocabulary/ntsf/258$2ntsf
=700  1\$aSemmel, K.E.$4trl$0(NO-TrBIB)11055142
=765  0\$aFossum, Karin$tVarsleren$w990925566714702201
=852  8\$b0030100$cg00005$hNA/A 2013:11416
=856  42$3Omslagsbilde$uhttps://contents.bibs.aws.unit.no/files/images/large/0/8/9780544002180.jpg$qimage/jpeg
=859  \\$a0030100$bg00005$cNA/A 2013:11416$f0$h0$x2015-10-31
=876  \\$a13g111465$d20131008$jkat$p13g111465$r13g111465$wBOOK$xKiP. 1 ex fra Cappelen Damm$z(h.) (Til bruk på NB Oslos lesesal)
=901  \\$a90
=913  \\$aNorbok$bNB
=960  \\$an$9LOCAL
=997  \\$an$9LOCAL

