=LDR  01429cam a2200409 c 4500
=001  991329977114702202
=005  20230531221731.0
=007  ta
=008  140620s2013\\\\xx#|||||||||||000|f|ger|\
=014  1\$a132997711$b(NO-TrBIB)
=015  \\$a1330610$2nbf
=020  \\$a9783833309083$qh.
=035  \\$a(EXLNZ-47BIBSYS_NETWORK)991329977114702201
=035  \\$a(NO-TrBIB)132997711
=035  \\$a132997711-47bibsys_network
=035  \\$a13g111747-47bibsys_nb
=040  \\$aNO-OsNB$bnob$ekatreg
=041  1\$hnob
=042  \\$anorbibl
=044  \\$cde
=082  74$a839.823$qNO-OsNB$25/nor
=100  1\$aFossum, Karin$d1954-$0(NO-TrBIB)90608300
=245  15$aEine undankbare Frau$cKarin Fossum ; aus dem Norwegischen von Gabriele Haefs
=246  1\$aVarsleren$iOriginaltittel
=260  \\$aBerlin$bBerlin Verlag Taschenbuch$c2013
=300  \\$a303 s.
=500  \\$aNummer på ryggen : 0908
=655  \7$aRomaner$0(uri)https://id.nb.no/vocabulary/ntsf/258$2ntsf
=700  1\$aHaefs, Gabriele$d1953-$4trl$0(NO-TrBIB)90353340
=765  0\$aFossum, Karin$tVarsleren$w990925566714702201
=852  8\$b0030100$cg00005$hNA/A 2013:11212
=859  \\$a0030100$bg00005$cNA/A 2013:11212$f0$h0$x2015-10-31
=876  \\$a13g111747$d20131009$jkat$p13g111747$r13g111747$wBOOK$xKiP. 1 ex fra Cappelen Damm$z(h.) (Til bruk på NB Oslos lesesal)
=901  \\$a90
=913  \\$aNorbok$bNB
=960  \\$an$9LOCAL
=997  \\$an$9LOCAL

