=LDR  01402cam a2200397 c 4500
=001  991329985564702202
=005  20230531221735.0
=007  ta
=008  140924s2013\\\\xx#|||||||||||000|f|rus|\
=014  1\$a132998556$b(NO-TrBIB)
=015  \\$a1330905$2nbf
=020  \\$a9785170779949$qib.
=035  \\$a(EXLNZ-47BIBSYS_NETWORK)991329985564702201
=035  \\$a(NO-TrBIB)132998556
=035  \\$a132998556-47bibsys_network
=035  \\$a13g111851-47bibsys_nb
=040  \\$aNO-OsNB$bnob$ekatreg
=041  1\$hnob
=042  \\$anorbibl
=044  \\$cru
=082  74$a839.823$qNO-OsNB$25/nor
=100  1\$aFossum, Karin$d1954-$0(NO-TrBIB)90608300
=245  10$aNe bojsja volkov$cKarin Fossum ; perevod s norvežskogo Anastasii Naumovoj
=246  1\$aDen som frykter ulven$iOriginaltittel
=260  \\$aMoskva$bAST$bCorpus$ccop. 2013
=300  \\$a348 s.
=655  \7$aRomaner$0(uri)https://id.nb.no/vocabulary/ntsf/258$2ntsf
=700  1\$aNaumova, Anastasija$4trl$0(NO-TrBIB)11060184
=765  0\$aFossum, Karin$tDen som frykter ulven :$w999710795794702201
=852  8\$b0030100$cg00005$hNA/A 2013:11389
=859  \\$a0030100$bg00005$cNA/A 2013:11389$f0$h0$x2015-10-31
=876  \\$a13g111851$d20131009$jkat$p13g111851$r13g111851$wBOOK$xKiP. 2 ex fra Cappelen Damm$z(ib.) (Til bruk på NB Oslos lesesal)
=901  \\$a90
=913  \\$aNorbok$bNB
=960  \\$an$9LOCAL
=997  \\$an$9LOCAL

