=LDR  01550cam a2200349 c 4500
=001  991330739634702202
=005  20230531222032.0
=007  cr\|||||||||||
=008  131018s2010\\\\no#|||||o|||||000|f|nob|\
=015  \\$a1331921$2nbf
=020  \\$a9788202303365$cNkr 99.00
=035  \\$a(EXLNZ-47BIBSYS_NETWORK)991330739634702201
=035  \\$a(NO-TrBIB)133073963
=035  \\$a133073963-47bibsys_network
=040  \\$aNO-OsNB$bnob$ekatreg
=042  \\$anorbibl
=044  \\$cno
=082  74$a839.823$qNO-OsNB$25/nor
=100  1\$aFossum, Karin$d1954-$0(NO-TrBIB)90608300
=245  10$aDjevelen holder lyset$cKarin Fossum$h[elektronisk ressurs]
=260  \\$aOslo$bCappelen Damm$c2010
=300  \\$a1 fil$bEPUB
=500  \\$aTittel fra tittelskjermbildet
=655  \7$aRomaner$0(uri)https://id.nb.no/vocabulary/ntsf/258$2ntsf
=856  40$3$yNB Digital$uhttp://urn.nb.no/URN:NBN:no-nb_digiebok_2263$zTilgjengelig på NBs lesesal. (1. versjon 2010)
=856  42$3Forlagets beskrivelse (kort)$uhttps://contents.bibs.aws.unit.no/?isbn=9788202303365
=856  42$3Forlagets beskrivelse (lang)$uhttps://contents.bibs.aws.unit.no/content/?isbn=9788202303365
=856  42$3Omslagsbilde$uhttps://contents.bibs.aws.unit.no/files/images/large/5/6/9788202303365.jpg$qimage/jpeg
=856  42$3Omslagsbilde$uhttps://contents.bibs.aws.unit.no/files/images/small/5/6/9788202303365.jpg$qimage/jpeg
=856  42$3Originalt bilde$uhttps://contents.bibs.aws.unit.no/files/images/original/5/6/9788202303365.jpg$qimage/jpeg
=901  \\$a90
=913  \\$aNorbok$bNB

