=LDR  01542cam a2200349 c 4500
=001  991330746334702202
=005  20230531222033.0
=007  cr\|||||||||||
=008  131017s2011\\\\no#|||||o|||||000|f|nob|\
=015  \\$a1331962$2nbf
=020  \\$a9788202303372$cNkr 99.00
=035  \\$a(EXLNZ-47BIBSYS_NETWORK)991330746334702201
=035  \\$a(NO-TrBIB)133074633
=035  \\$a133074633-47bibsys_network
=040  \\$aNO-OsNB$bnob$ekatreg
=042  \\$anorbibl
=044  \\$cno
=082  74$a839.823$qNO-OsNB$25/nor
=100  1\$aFossum, Karin$d1954-$0(NO-TrBIB)90608300
=245  10$aElskede Poona$cKarin Fossum$h[elektronisk ressurs]
=260  \\$aOslo$bCappelen Damm$c2011
=300  \\$a1 fil$bEPUB
=500  \\$aTittel fra tittelskjermbildet
=655  \7$aRomaner$0(uri)https://id.nb.no/vocabulary/ntsf/258$2ntsf
=856  40$3$yNB Digital$uhttp://urn.nb.no/URN:NBN:no-nb_digiebok_2267$zTilgjengelig på NBs lesesal. (1. versjon 2011)
=856  42$3Forlagets beskrivelse (kort)$uhttps://contents.bibs.aws.unit.no/?isbn=9788202303372
=856  42$3Forlagets beskrivelse (lang)$uhttps://contents.bibs.aws.unit.no/content/?isbn=9788202303372
=856  42$3Omslagsbilde$uhttps://contents.bibs.aws.unit.no/files/images/large/2/7/9788202303372.jpg$qimage/jpeg
=856  42$3Omslagsbilde$uhttps://contents.bibs.aws.unit.no/files/images/small/2/7/9788202303372.jpg$qimage/jpeg
=856  42$3Originalt bilde$uhttps://contents.bibs.aws.unit.no/files/images/original/2/7/9788202303372.jpg$qimage/jpeg
=901  \\$a90
=913  \\$aNorbok$bNB

