=LDR  01642cam a2200373 c 4500
=001  991330928524702202
=005  20230531222143.0
=007  cr\|||||||||||
=008  140926s2013\\\\no#|||||o|||||000|f|nob|\
=015  \\$a1433010$2nbf
=020  \\$a9788202423544$cNkr 149.00
=035  \\$a(EXLNZ-47BIBSYS_NETWORK)991330928524702201
=035  \\$a(NO-OsBA)0374999
=035  \\$a(NO-TrBIB)133092852
=035  \\$a133092852-47bibsys_network
=040  \\$aNO-OsNB$bnob$ekatreg
=042  \\$anorbibl
=044  \\$cno
=082  74$a839.823$qNO-OsNB$25/nor
=100  1\$aFossum, Karin$d1954-$0(NO-TrBIB)90608300
=245  10$aCarmen Zita og døden :$broman$cKarin Fossum$h[elektronisk ressurs]
=260  \\$a[Oslo]$bCappelen Damm$c2013
=300  \\$a1 fil$bEPUB
=500  \\$aTittel fra tittelskjermbildet
=655  \7$aRomaner$0(uri)https://id.nb.no/vocabulary/ntsf/258$2ntsf
=776  0\$tCarmen Zita og døden : roman$w991320215364702201
=856  40$3$yNB Digital$uhttp://urn.nb.no/URN:NBN:no-nb_digiebok_8318$zTilgjengelig på NBs lesesal
=856  42$3Forlagets beskrivelse (kort)$uhttps://contents.bibs.aws.unit.no/?isbn=9788202423544
=856  42$3Forlagets beskrivelse (lang)$uhttps://contents.bibs.aws.unit.no/content/?isbn=9788202423544
=856  42$3Omslagsbilde$uhttps://contents.bibs.aws.unit.no/files/images/large/4/4/9788202423544.jpg$qimage/jpeg
=856  42$3Omslagsbilde$uhttps://contents.bibs.aws.unit.no/files/images/small/4/4/9788202423544.jpg$qimage/jpeg
=856  42$3Originalt bilde$uhttps://contents.bibs.aws.unit.no/files/images/original/4/4/9788202423544.jpg$qimage/jpeg
=901  \\$a90
=913  \\$aNorbok$bNB

