=LDR  01599cam a2200361 c 4500
=001  991333408564702202
=005  20230306151351.0
=007  cr\|||||||||||
=008  140122s2010\\\\no#|||||o|||||000|f|nob|\
=020  \\$a9788202303143$cNkr 99.00
=035  \\$a(EXLNZ-47BIBSYS_NETWORK)991333408564702201
=035  \\$a(NO-TrBIB)133340856
=035  \\$a133340856-47bibsys_network
=040  \\$aNO-OsNB$bnob$ekatreg
=042  \\$anorbibl
=044  \\$cno
=082  74$a839.823$qNO-OsNB$25/nor
=100  1\$aFossum, Karin$d1954-$0(NO-TrBIB)90608300
=245  10$aEvas øye$cKarin Fossum$h[elektronisk ressurs]
=260  \\$aOslo$bCappelen Damm$c2010
=300  \\$a1 fil$bEPUB
=490  1\$aEn Konrad Sejer-krim$vnr. 1
=500  \\$aSerietittel fra trykt utg.
=500  \\$aTittel fra tittelskjermbildet
=776  0\$tEvas øye$w991007141964702201
=800  1\$aFossum, Karin$tEn Konrad Sejer-krim$v1$d1954-
=856  40$3$yNB Digital$uhttp://urn.nb.no/URN:NBN:no-nb_digiebok_2769$zTilgjengelig på NBs lesesal. (1. versjon)
=856  42$3Forlagets beskrivelse (kort)$uhttps://contents.bibs.aws.unit.no/?isbn=9788202303143
=856  42$3Forlagets beskrivelse (lang)$uhttps://contents.bibs.aws.unit.no/content/?isbn=9788202303143
=856  42$3Omslagsbilde$uhttps://contents.bibs.aws.unit.no/files/images/large/3/4/9788202303143.jpg$qimage/jpeg
=856  42$3Omslagsbilde$uhttps://contents.bibs.aws.unit.no/files/images/small/3/4/9788202303143.jpg$qimage/jpeg
=856  42$3Originalt bilde$uhttps://contents.bibs.aws.unit.no/files/images/original/3/4/9788202303143.jpg$qimage/jpeg
=901  \\$a90

