=LDR  03433cam a2200757 c 4500
=001  991334555994702202
=005  20230531223328.0
=007  ta
=008  150828s2014\\\\no\|||||||||||000|f|nob|\
=014  1\$a133455599$b(NO-TrBIB)
=014  1\$a133455599$b(NO-TrBIB)
=015  \\$a1415853$2nbf
=020  \\$a978-82-02-43824-1$qib.$cNkr 379.00$qCappelen Damm
=020  \\$a978-82-525-8354-0$qib.$qBokklubben
=035  \\$a(EXLNZ-47BIBSYS_NETWORK)991334555994702201
=035  \\$a(NO-OsBA)0377258
=035  \\$a(NO-TrBIB)133455599
=035  \\$a133455599-47bibsys_network
=035  \\$a14g048376-47bibsys_nb
=035  \\$a14g048377-47bibsys_nb
=040  \\$aNO-OsNB$bnob$ekatreg
=042  \\$anorbibl
=044  \\$cno
=080  \\$a82
=080  \\$a839.6
=082  04$a839.82$223
=082  04$a839.8238$223
=082  74$a839.823$qNO-OsNB$25/nor
=084  \\$aS 14$2oosk
=100  1\$aFossum, Karin$d1954-$4aut$0(NO-TrBIB)90608300
=245  10$aHelvetesilden :$broman$cKarin Fossum
=260  \\$a[Oslo]$bCappelen Damm$c2014
=300  \\$a246 s.
=533  \\$aElektronisk reproduksjon$b[Norge]$cNasjonalbiblioteket Digital$d2018-11-21
=653  \\$askjønnlitteratur$akriminalromaner$anorsk$alitteratur$anorske$aromaner$a2010-tallet$akrim$aspenning
=655  \7$aRomaner$0(uri)https://id.nb.no/vocabulary/ntsf/258$2ntsf
=767  0\$aFossum, Karin$tHell fire$w999920421564202201
=767  0\$aFossum, Karin$tHellfire$w999920150850602201
=767  0\$aFossum, Karin$tHellfire$w999920333588702201
=767  0\$aFossum, Karin$tHellfire$w999920421569902201
=767  0\$aFossum, Karin$tHelvedesilden$w999920113410502201
=767  0\$aFossum, Karin$tHelveteselden$w991504464704702201
=767  0\$aFossum, Karin$tHelveteselden$w999920421564102201
=767  0\$aFossum, Karin$tHöllenrose$w999920519194802201
=767  0\$aFossum, Karin$tKättemaks$w991511738694702201
=767  0\$aFossum, Karin$tVeenbrand$w999920139254902201
=767  0\$tHell fire$w999920196588502201$z978-0-544-63337-7
=767  0\$tHelvetintuli$w999922133175302201$z978-951-0-484067
=852  8\$b0030100$cg00005$hNA/A 2014:3797
=852  8\$b0183334$cg00001$hb
=856  40$3$yNB Digital$uhttp://urn.nb.no/URN:NBN:no-nb_digibok_2018112177033$z
=856  41$3Fulltekst$uhttps://urn.nb.no/URN:NBN:no-nb_digibok_2018112177033$yNettbiblioteket$zDigital representasjon
=856  42$3Forlagets beskrivelse (kort)$uhttps://contents.bibs.aws.unit.no/?isbn=8202438241
=856  42$3Forlagets beskrivelse (kort)$uhttps://contents.bibs.aws.unit.no/?isbn=9788202438241
=856  42$3Forlagets beskrivelse (lang)$uhttps://contents.bibs.aws.unit.no/content/?isbn=9788202438241
=856  42$3Omslagsbilde$uhttps://contents.bibs.aws.unit.no/files/images/large/1/4/9788202438241.jpg$qimage/jpeg
=856  42$3Omslagsbilde$uhttps://contents.bibs.aws.unit.no/files/images/small/1/4/9788202438241.jpg$qimage/jpeg
=856  42$3Originalt bilde$uhttps://contents.bibs.aws.unit.no/files/images/original/1/4/9788202438241.jpg$qimage/jpeg
=859  \\$a0030100$bg00005$cNA/A 2014:3797$f0$h0$x2015-10-31
=859  \\$a0183334$bg00001$cb$f0$h0$x2015-10-31
=876  \\$a14g048376$d20140313$jkat$p14g048376$r14g048376$wBOOK
=876  \\$a14g048377$d20140313$jkat$p14g048377$r14g048377$wBOOK$z(ib.)(Til bruk på NB Oslos lesesal)
=901  \\$a90
=913  \\$aKulturfond$bNB
=913  \\$aNorbok$bNB
=913  \\$aNORLA$bNB

