=LDR  02248cim a2200505 c 4500
=001  991334646524702202
=005  20230303084648.0
=007  sd\f||||||||||
=008  150414s2014\\\\no#||||\|||||||f#|||nob|\
=014  1\$a133464652$b(NO-TrBIB)
=014  1\$a133464652$b(NO-TrBIB)
=015  \\$a1419827$2nbf
=020  \\$a9788202438951$cNkr 379.00
=035  \\$a(EXLNZ-47BIBSYS_NETWORK)991334646524702201
=035  \\$a(NO-OsBA)0377426
=035  \\$a(NO-TrBIB)133464652
=035  \\$a133464652-47bibsys_network
=035  \\$a14g062903-47bibsys_nb
=035  \\$a14g062904-47bibsys_nb
=040  \\$aNO-OsNB$bnob$ekatreg
=042  \\$anorbibl
=044  \\$cno
=082  74$a839.823$qNO-OsNB$25/nor
=100  1\$aFossum, Karin$d1954-$0(NO-TrBIB)90608300
=245  10$aHelvetesilden$cKarin Fossum$h[lydopptak]
=260  \\$a[Oslo]$bCappelen Damm$c2014
=300  \\$a6 CD-er (7 t, 38 min)$c12 cm, i eske
=500  \\$aLest av Nils Johnson
=655  \4$aKriminal
=700  1\$aJohnson, Nils$d1956-$emedarb.$0(NO-TrBIB)90551152
=852  8\$b0030100$cg00005$hNA/A 2014:5195
=852  8\$b0183334$cg00001$hKZ 2014 0342-0347
=856  42$3Forlagets beskrivelse (kort)$uhttps://contents.bibs.aws.unit.no/?isbn=8202438950
=856  42$3Forlagets beskrivelse (kort)$uhttps://contents.bibs.aws.unit.no/?isbn=9788202438951
=856  42$3Forlagets beskrivelse (lang)$uhttps://contents.bibs.aws.unit.no/content/?isbn=9788202438951
=856  42$3Lydfil$uhttps://contents.bibs.aws.unit.no/files/audio/mp3/1/5/9788202438951.mp3$qaudio/mpeg
=856  42$3Omslagsbilde$uhttps://contents.bibs.aws.unit.no/files/images/large/1/5/9788202438951.jpg$qimage/jpeg
=856  42$3Omslagsbilde$uhttps://contents.bibs.aws.unit.no/files/images/small/1/5/9788202438951.jpg$qimage/jpeg
=856  42$3Originalt bilde$uhttps://contents.bibs.aws.unit.no/files/images/original/1/5/9788202438951.jpg$qimage/jpeg
=859  \\$a0030100$bg00005$cNA/A 2014:5195$f0$h0$x2015-10-31
=859  \\$a0183334$bg00001$cKZ 2014 0342-0347$f0$h0$x2015-10-31
=876  \\$a14g062903$d20140423$jkat$p14g062903$r14g062903$wCD
=876  \\$a14g062904$d20140423$jkat$p14g062904$r14g062904$wCD$z(CD-plater) (Til bruk på NB Oslos lesesal)
=901  \\$a90
=913  \\$aNorbok$bNB

