=LDR  02214cim a2200493 c 4500
=001  991334646604702202
=005  20230307153223.0
=007  sd\f||||||||||
=008  140702s2014\\\\no#||||\|||||||f#|||nob|\
=014  1\$a133464660$b(NO-TrBIB)
=014  1\$a133464660$b(NO-TrBIB)
=015  \\$a1419835$2nbf
=020  \\$a9788202438975$cNkr 369.00
=035  \\$a(EXLNZ-47BIBSYS_NETWORK)991334646604702201
=035  \\$a(NO-OsBA)0377427
=035  \\$a(NO-TrBIB)133464660
=035  \\$a133464660-47bibsys_network
=035  \\$a14g062907-47bibsys_nb
=035  \\$a14g062908-47bibsys_nb
=040  \\$aNO-OsNB$bnob$ekatreg
=042  \\$anorbibl
=044  \\$cno
=082  74$a839.823$qNO-OsNB$25/nor
=100  1\$aFossum, Karin$d1954-$0(NO-TrBIB)90608300
=245  10$aHelvetesilden$cKarin Fossum$h[lydopptak]
=260  \\$a[Oslo]$bCappelen Damm$c2014
=300  \\$a1 CD-MP3 (7 t, 37 min)$c12 cm, i eske
=500  \\$aLest av Nils Johnson
=700  1\$aJohnson, Nils$d1956-$emedarb.$0(NO-TrBIB)90551152
=852  8\$b0030100$cg00005$hNA/A 2014:5195
=852  8\$b0183334$cg00001$hKZ 2014 0349
=856  42$3Forlagets beskrivelse (kort)$uhttps://contents.bibs.aws.unit.no/?isbn=8202438977
=856  42$3Forlagets beskrivelse (kort)$uhttps://contents.bibs.aws.unit.no/?isbn=9788202438975
=856  42$3Forlagets beskrivelse (lang)$uhttps://contents.bibs.aws.unit.no/content/?isbn=9788202438975
=856  42$3Lydfil$uhttps://contents.bibs.aws.unit.no/files/audio/mp3/5/7/9788202438975.mp3$qaudio/mpeg
=856  42$3Miniatyrbilde$uhttps://contents.bibs.aws.unit.no/files/images/small/5/7/9788202438975.jpg$qimage/jpeg
=856  42$3Omslagsbilde$uhttps://contents.bibs.aws.unit.no/files/images/large/5/7/9788202438975.jpg$qimage/jpeg
=856  42$3Originalt bilde$uhttps://contents.bibs.aws.unit.no/files/images/original/5/7/9788202438975.jpg$qimage/jpeg
=859  \\$a0030100$bg00005$cNA/A 2014:5195$f0$h0$x2015-10-31
=859  \\$a0183334$bg00001$cKZ 2014 0349$f0$h0$x2015-10-31
=876  \\$a14g062907$d20140423$jkat$p14g062907$r14g062907$wCD
=876  \\$a14g062908$d20140423$jkat$p14g062908$r14g062908$wCD$z(CD-plate) (Til bruk på NB Oslos lesesal)
=901  \\$a90
=913  \\$aNorbok$bNB

