=LDR  01556cam a2200337 c 4500
=001  991334898684702202
=005  20230306151500.0
=007  cr\|||||||||||
=008  140522s2010\\\\no#|||||o|||||000|f|nob|\
=020  \\$a9788202327941$cNkr 99.00
=035  \\$a(EXLNZ-47BIBSYS_NETWORK)991334898684702201
=035  \\$a(NO-TrBIB)133489868
=035  \\$a133489868-47bibsys_network
=040  \\$aNO-OsNB$bnob$ekatreg
=042  \\$anorbibl
=044  \\$cno
=082  74$a839.823$qNO-OsNB$25/nor
=100  1\$aFossum, Karin$d1954-$0(NO-TrBIB)90608300
=245  14$aDen onde viljen$cKarin Fossum$h[elektronisk ressurs]
=260  \\$aOslo$bCappelen Damm$c2010
=300  \\$a1 fil$bEPUB
=500  \\$aTittel fra tittelskjermbildet
=653  \\$akrim$aspenning$anorske$aromaner$a2000-tallet$askjønnlitteraturkriminalromaner
=776  0\$tDen onde viljen$w990824130454702201
=856  40$3$yNB Digital$uhttp://urn.nb.no/URN:NBN:no-nb_digiebok_3182$zTilgjengelig på NBs lesesal. (3. oppda.)
=856  42$3Forlagets beskrivelse (kort)$uhttps://contents.bibs.aws.unit.no/?isbn=9788202327941
=856  42$3Forlagets beskrivelse (lang)$uhttps://contents.bibs.aws.unit.no/content/?isbn=9788202327941
=856  42$3Omslagsbilde$uhttps://contents.bibs.aws.unit.no/files/images/large/1/4/9788202327941.jpg$qimage/jpeg
=856  42$3Omslagsbilde$uhttps://contents.bibs.aws.unit.no/files/images/small/1/4/9788202327941.jpg$qimage/jpeg
=856  42$3Originalt bilde$uhttps://contents.bibs.aws.unit.no/files/images/original/1/4/9788202327941.jpg$qimage/jpeg
=901  \\$a90

