=LDR  01474cam a2200409 c 4500
=001  991339858224702202
=005  20230601050557.0
=007  ta
=008  140620s2013\\\\xx#|||||||||||000|f|ger|\
=014  1\$a133985822$b(NO-TrBIB)
=015  \\$a1338663$2nbf
=020  \\$a9783833309496$qh.
=035  \\$a(EXLNZ-47BIBSYS_NETWORK)991339858224702201
=035  \\$a(NO-TrBIB)133985822
=035  \\$a133985822-47bibsys_network
=035  \\$a13g140094-47bibsys_nb
=040  \\$aNO-OsNB$bnob$ekatreg
=041  1\$hnob
=042  \\$anorbibl
=044  \\$cde
=082  74$a839.823$qNO-OsNB$25/nor
=100  1\$aFossum, Karin$d1954-$0(NO-TrBIB)90608300
=245  10$aWer hat Angst vorm bösen Wolf :$bRoman$cKarin Fossum ; aus dem Norwegischen von Gabriele Haefs
=246  1\$aDen som frykter ulven$iOriginaltittel
=260  \\$aBerlin$bBerlin Verlag Taschenbuch$c2013
=300  \\$a319 s.
=500  \\$aNummer på ryggen : 0949
=655  \7$aRomaner$0(uri)https://id.nb.no/vocabulary/ntsf/258$2ntsf
=700  1\$aHaefs, Gabriele$d1953-$4trl$0(NO-TrBIB)90353340
=765  0\$aFossum, Karin$tDen som frykter ulven :$w999710795794702201
=852  8\$b0030100$cg00005$hNA/A 2013:13430
=859  \\$a0030100$bg00005$cNA/A 2013:13430$f0$h0$x2015-10-31
=876  \\$a13g140094$d20131205$jkat$p13g140094$r13g140094$wBOOK$xKiP. 1 ex fra Cappelen Damm$z(h.) (Til bruk på NB Oslos lesesal)
=901  \\$a90
=913  \\$aNorbok$bNB
=960  \\$an$9LOCAL
=997  \\$an$9LOCAL

