=LDR  02368cam a2200517 c 4500
=001  991339870604702202
=005  20240125095627.0
=007  ta
=008  131213s2013\\\\xx#|||||||||||000|f|eng|\
=014  1\$a13398706x$b(NO-TrBIB)
=015  \\$a1338668$2nbf
=020  \\$a9780099565475$qh.
=035  \\$a(EXLNZ-47BIBSYS_NETWORK)991339870604702201
=035  \\$a(NO-TrBIB)13398706x
=035  \\$a13398706x-47bibsys_network
=035  \\$a13g140153-47bibsys_nb
=040  \\$aNO-OsNB$bnob$ekatreg
=041  1\$hnob
=042  \\$anorbibl
=044  \\$cgb
=082  74$a839.823$qNO-OsNB$25/nor
=100  1\$aFossum, Karin$d1954-$0(NO-TrBIB)90608300
=245  10$aHe who fears the wolf$cKarin Fossum ; translated from the Norwegian by Felicity David
=246  1\$aDen som frykter ulven$iOriginaltittel
=260  \\$aLondon$bVintage Books$c2013
=300  \\$a387 s.
=533  \\$aElektronisk reproduksjon$b[Norge]$cNasjonalbiblioteket Digital$d2023-12-14
=536  \\$aNORLA
=655  \7$aRomaner$0(uri)https://id.nb.no/vocabulary/ntsf/258$2ntsf
=700  1\$aDavid, Felicity$4trl$0(NO-TrBIB)13045766
=765  0\$aFossum, Karin$tDen som frykter ulven :$w999710795794702201
=852  8\$b0030100$cg00005$hNA/A 2013:13433
=856  40$3$yNB Digital$uhttp://urn.nb.no/URN:NBN:no-nb_digibok_2023112448049$z
=856  41$3Fulltekst$uhttps://urn.nb.no/URN:NBN:no-nb_digibok_2023112448049$yNettbiblioteket$zDigital representasjon
=856  42$3Forlagets beskrivelse (kort)$uhttps://contents.bibs.aws.unit.no/?isbn=0099565471
=856  42$3Forlagets beskrivelse (kort)$uhttps://contents.bibs.aws.unit.no/content/?isbn=9780099565475
=856  42$3Forlagets beskrivelse (lang)$uhttps://contents.bibs.aws.unit.no/?isbn=0099565471
=856  42$3Forlagets beskrivelse (lang)$uhttps://contents.bibs.aws.unit.no/content/?isbn=9780099565475
=856  42$3Omslagsbilde$uhttps://contents.bibs.aws.unit.no/files/images/large/5/7/9780099565475.jpg$qimage/jpeg
=856  42$3Omslagsbilde$uhttps://contents.bibs.aws.unit.no/files/images/small/5/7/9780099565475.jpg$qimage/jpeg
=859  \\$a0030100$bg00005$cNA/A 2013:13433$f0$h0$x2015-10-31
=876  \\$a13g140153$d20131205$jkat$p13g140153$r13g140153$wBOOK$xKiP. 1 ex fra Cappelen Damm$z(h.) (Til bruk på NB Oslos lesesal)
=901  \\$a90
=913  \\$aNorbok$bNB
=960  \\$an$9LOCAL
=997  \\$an$9LOCAL

