=LDR  02333cam a2200505 c 4500
=001  991339871084702202
=005  20240125095627.0
=007  ta
=008  131213s2013\\\\xx#|||||||||||000|f|eng|\
=014  1\$a133987108$b(NO-TrBIB)
=015  \\$a1338667$2nbf
=020  \\$a9780099565529$qh.
=035  \\$a(EXLNZ-47BIBSYS_NETWORK)991339871084702201
=035  \\$a(NO-TrBIB)133987108
=035  \\$a133987108-47bibsys_network
=035  \\$a13g140154-47bibsys_nb
=040  \\$aNO-OsNB$bnob$ekatreg
=041  1\$hnob
=042  \\$anorbibl
=044  \\$cgb
=082  74$a839.823$qNO-OsNB$25/nor
=100  1\$aFossum, Karin$d1954-$0(NO-TrBIB)90608300
=245  10$aBlack seconds$cKarin Fossum ; translated from the Norwegian by Charlotte Barslund
=246  1\$aSvarte sekunder$iOriginaltittel
=260  \\$aLondon$bVintage Books$c2013
=300  \\$a345 s.
=533  \\$aElektronisk reproduksjon$b[Norge]$cNasjonalbiblioteket Digital$d2023-12-14
=655  \7$aRomaner$0(uri)https://id.nb.no/vocabulary/ntsf/258$2ntsf
=700  1\$aBarslund, Charlotte$4trl$0(NO-TrBIB)9061910
=765  0\$aFossum, Karin$tSvarte sekunder :$w990216462524702201
=852  8\$b0030100$cg00005$hNA/A 2013:13432
=856  40$3$yNB Digital$uhttp://urn.nb.no/URN:NBN:no-nb_digibok_2023112448050$z
=856  41$3Fulltekst$uhttps://urn.nb.no/URN:NBN:no-nb_digibok_2023112448050$yNettbiblioteket$zDigital representasjon
=856  42$3Forlagets beskrivelse (kort)$uhttps://contents.bibs.aws.unit.no/?isbn=0099565528
=856  42$3Forlagets beskrivelse (kort)$uhttps://contents.bibs.aws.unit.no/content/?isbn=9780099565529
=856  42$3Forlagets beskrivelse (lang)$uhttps://contents.bibs.aws.unit.no/?isbn=0099565528
=856  42$3Forlagets beskrivelse (lang)$uhttps://contents.bibs.aws.unit.no/content/?isbn=9780099565529
=856  42$3Omslagsbilde$uhttps://contents.bibs.aws.unit.no/files/images/large/9/2/9780099565529.jpg$qimage/jpeg
=856  42$3Omslagsbilde$uhttps://contents.bibs.aws.unit.no/files/images/small/9/2/9780099565529.jpg$qimage/jpeg
=859  \\$a0030100$bg00005$cNA/A 2013:13432$f0$h0$x2015-10-31
=876  \\$a13g140154$d20131205$jkat$p13g140154$r13g140154$wBOOK$xKiP. 1 ex fra Cappelen Damm$z(h.) (Til bruk på NB Oslos lesesal)
=901  \\$a90
=913  \\$aNorbok$bNB
=960  \\$an$9LOCAL
=997  \\$an$9LOCAL

