=LDR  02338cam a2200505 c 4500
=001  991339871404702202
=005  20240125095629.0
=007  ta
=008  131213s2013\\\\xx#|||||||||||000|f|eng|\
=014  1\$a133987140$b(NO-TrBIB)
=015  \\$a1338664$2nbf
=020  \\$a9780099565468$qh.
=035  \\$a(EXLNZ-47BIBSYS_NETWORK)991339871404702201
=035  \\$a(NO-TrBIB)133987140
=035  \\$a133987140-47bibsys_network
=035  \\$a13g140157-47bibsys_nb
=040  \\$aNO-OsNB$bnob$ekatreg
=041  1\$hnob
=042  \\$anorbibl
=044  \\$cgb
=082  74$a839.823$qNO-OsNB$25/nor
=100  1\$aFossum, Karin$d1954-$0(NO-TrBIB)90608300
=245  10$aDon't look back$cKarin Fossum ; translated from the Norwegian by Felicity David
=246  1\$aSe deg ikke tilbake!$iOriginaltittel
=260  \\$aLondon$bVintage Books$c2013
=300  \\$a421 s.
=533  \\$aElektronisk reproduksjon$b[Norge]$cNasjonalbiblioteket Digital$d2023-12-14
=655  \7$aRomaner$0(uri)https://id.nb.no/vocabulary/ntsf/258$2ntsf
=700  1\$aDavid, Felicity$4trl$0(NO-TrBIB)13045766
=765  0\$aFossum, Karin$tSe deg ikke tilbake! :$w999609024224702201
=852  8\$b0030100$cg00005$hNA/A 2013:13431
=856  40$3$yNB Digital$uhttp://urn.nb.no/URN:NBN:no-nb_digibok_2023112448043$z
=856  41$3Fulltekst$uhttps://urn.nb.no/URN:NBN:no-nb_digibok_2023112448043$yNettbiblioteket$zDigital representasjon
=856  42$3Forlagets beskrivelse (kort)$uhttps://contents.bibs.aws.unit.no/?isbn=0099565463
=856  42$3Forlagets beskrivelse (kort)$uhttps://contents.bibs.aws.unit.no/content/?isbn=9780099565468
=856  42$3Forlagets beskrivelse (lang)$uhttps://contents.bibs.aws.unit.no/?isbn=0099565463
=856  42$3Forlagets beskrivelse (lang)$uhttps://contents.bibs.aws.unit.no/content/?isbn=9780099565468
=856  42$3Omslagsbilde$uhttps://contents.bibs.aws.unit.no/files/images/large/8/6/9780099565468.jpg$qimage/jpeg
=856  42$3Omslagsbilde$uhttps://contents.bibs.aws.unit.no/files/images/small/8/6/9780099565468.jpg$qimage/jpeg
=859  \\$a0030100$bg00005$cNA/A 2013:13431$f0$h0$x2015-10-31
=876  \\$a13g140157$d20131205$jkat$p13g140157$r13g140157$wBOOK$xKiP. 1 ex fra Cappelen Damm$z(h.) (Til bruk på NB Oslos lesesal)
=901  \\$a90
=913  \\$aNorbok$bNB
=960  \\$an$9LOCAL
=997  \\$an$9LOCAL

