=LDR  01709cam a2200373 c 4500
=001  991340255124702202
=005  20230601050632.0
=007  cr\|||||||||||
=008  131209s2011\\\\no#|||||o|||||000|f|nob|\
=015  \\$a1338458$2nbf
=020  \\$a9788202364496$cNkr 99.00
=035  \\$a(EXLNZ-47BIBSYS_NETWORK)991340255124702201
=035  \\$a(NO-TrBIB)134025512
=035  \\$a134025512-47bibsys_network
=040  \\$aNO-OsNB$bnob$ekatreg
=042  \\$anorbibl
=044  \\$cno
=082  74$a839.823$qNO-OsNB$25/nor
=100  1\$aFossum, Karin$d1954-$0(NO-TrBIB)90608300
=245  10$aJeg kan se i mørket$cKarin Fossum$h[elektronisk ressurs]
=260  \\$aOslo$bCappelen Damm$c2011
=300  \\$a1 fil$bEPUB
=500  \\$aTittel fra tittelskjermbildet
=653  \\$askjønnlitteratur$akriminalromaner$anorske$aromaner$a2010-tallet$akrim$aspenning$akriminalromanar
=655  \7$aRomaner$0(uri)https://id.nb.no/vocabulary/ntsf/258$2ntsf
=776  0\$tJeg kan se i mørket : roman$w991127625904702201
=856  40$3$yNB Digital$uhttp://urn.nb.no/URN:NBN:no-nb_digiebok_3391$zTilgjengelig på NBs lesesal
=856  42$3Forlagets beskrivelse (kort)$uhttps://contents.bibs.aws.unit.no/?isbn=9788202364496
=856  42$3Forlagets beskrivelse (lang)$uhttps://contents.bibs.aws.unit.no/content/?isbn=9788202364496
=856  42$3Omslagsbilde$uhttps://contents.bibs.aws.unit.no/files/images/large/6/9/9788202364496.jpg$qimage/jpeg
=856  42$3Omslagsbilde$uhttps://contents.bibs.aws.unit.no/files/images/small/6/9/9788202364496.jpg$qimage/jpeg
=856  42$3Originalt bilde$uhttps://contents.bibs.aws.unit.no/files/images/original/6/9/9788202364496.jpg$qimage/jpeg
=901  \\$a90
=913  \\$aNorbok$bNB

