=LDR  01458cam a2200433 c 4500
=001  991400861374702202
=005  20230601051238.0
=007  ta
=008  150224s2013\\\\xx#|||||||||||000|f|slo|\
=014  1\$a140086137$b(NO-TrBIB)
=015  \\$a1406817$2nbf
=020  \\$a9788081590320$qib.
=035  \\$a(EXLNZ-47BIBSYS_NETWORK)991400861374702201
=035  \\$a(NO-TrBIB)140086137
=035  \\$a140086137-47bibsys_network
=035  \\$a14g004750-47bibsys_nb
=040  \\$aNO-OsNB$bnob$ekatreg
=041  1\$hnob
=042  \\$anorbibl
=044  \\$csk
=082  74$a839.823$qNO-OsNB$25/nor
=100  1\$aFossum, Karin$d1954-$0(NO-TrBIB)90608300
=245  10$aEvino oko$cKarin Fossum ; [z nórskeho ... preložil Miroslav Zumrík]
=246  1\$aEvas øye$iOriginaltittel
=260  \\$aBratislava$bPremedia$c2013
=300  \\$a242 s.
=490  1\$a[Edícia Labyrint]$v[1]
=536  \\$aNORLA
=655  \7$aRomaner$0(uri)https://id.nb.no/vocabulary/ntsf/258$2ntsf
=700  1\$aZumrík, Miroslav$4trl$0(NO-TrBIB)13014782
=765  0\$aFossum, Karin$tEvas øye :$w999523438194702201
=830  \0$a[Edícia Labyrint]$v[1]
=852  8\$b0030100$cg00005$hNA/A 2014:419
=859  \\$a0030100$bg00005$cNA/A 2014:419$f0$h0$x2015-10-31
=876  \\$a14g004750$d20140115$jkat$p14g004750$r14g004750$wBOOK$xKiP. 2 ex fra Norla$z(ib.) (Til bruk på NB Oslos lesesal)
=901  \\$a90
=913  \\$aNorbok$bNB
=960  \\$an$9LOCAL
=997  \\$an$9LOCAL

