=LDR  01399cam a2200397 c 4500
=001  991405524214702202
=005  20230601052151.0
=007  ta
=008  140228s2013\\\\xx#|||||||||||000|f|swe|\
=014  1\$a140552421$b(NO-TrBIB)
=015  \\$a1412416$2nbf
=020  \\$a9789137139821$qib.
=035  \\$a(EXLNZ-47BIBSYS_NETWORK)991405524214702201
=035  \\$a(NO-TrBIB)140552421
=035  \\$a140552421-47bibsys_network
=035  \\$a14g035831-47bibsys_nb
=040  \\$aNO-OsNB$bnob$ekatreg
=041  1\$hnob
=042  \\$anorbibl
=044  \\$cse
=082  74$a839.823$qNO-OsNB$25/nor
=100  1\$aFossum, Karin$d1954-$0(NO-TrBIB)90608300
=245  10$aCarmen och döden$cKarin Fossum ; översättning: Margareta Järnebrand
=246  1\$aCarmen Zita og døden$iOriginaltittel
=260  \\$aStockholm$bForum$c2013
=300  \\$a203 s.
=655  \7$aRomaner$0(uri)https://id.nb.no/vocabulary/ntsf/258$2ntsf
=700  1\$aJärnebrand, Margareta$d1947-$4trl$0(NO-TrBIB)11045740
=765  0\$aFossum, Karin$tCarmen Zita og døden :$w991320215364702201
=852  8\$b0030100$cg00005$hNA/A 2014:1810
=859  \\$a0030100$bg00005$cNA/A 2014:1810$f0$h0$x2015-10-31
=876  \\$a14g035831$d20140214$jkat$p14g035831$r14g035831$wBOOK$xKiP. 1 ex fra Cappelen Damm$z(ib.) (Til bruk på NB Oslos lesesal)
=901  \\$a90
=913  \\$aNorbok$bNB
=960  \\$an$9LOCAL
=997  \\$an$9LOCAL

