=LDR  02422cam a2200553 c 4500
=001  991406675804702202
=005  20230601052530.0
=007  ta
=008  150114s2014\\\\no#|||||||||||000|f|nob|\
=014  1\$a14066758x$b(NO-TrBIB)
=014  1\$a14066758x$b(NO-TrBIB)
=015  \\$a1416270$2nbf
=020  \\$a9788202433970$qh.$cNkr 149.00
=035  \\$a(EXLNZ-47BIBSYS_NETWORK)991406675804702201
=035  \\$a(NO-OsBA)0387746
=035  \\$a(NO-TrBIB)14066758x
=035  \\$a14066758x-47bibsys_network
=035  \\$a14g049680-47bibsys_nb
=035  \\$a14g049684-47bibsys_nb
=040  \\$aNO-OsNB$bnob$ekatreg
=042  \\$anorbibl
=044  \\$cno
=082  74$a839.823$qNO-OsNB$25/nor
=100  1\$aFossum, Karin$d1954-$0(NO-TrBIB)90608300
=245  10$aCarmen Zita og døden :$broman$cKarin Fossum
=260  \\$a[Oslo]$bCappelen Damm$c2014
=300  \\$a216 s.
=490  1\$aKaliber
=500  \\$a1. utg. 2013
=533  \\$aElektronisk reproduksjon$b[Norge]$cNasjonalbiblioteket Digital$d2019-12-04
=655  \7$aRomaner$0(uri)https://id.nb.no/vocabulary/ntsf/258$2ntsf
=830  \0$aKaliber
=852  8\$b0030100$cg00005$hNA/A 2014:3417
=852  8\$b0183334$cg00001$hc
=856  40$3$yNB Digital$uhttp://urn.nb.no/URN:NBN:no-nb_digibok_2019120407095$z
=856  41$3Fulltekst$uhttps://urn.nb.no/URN:NBN:no-nb_digibok_2019120407095$yNettbiblioteket$zDigital representasjon
=856  42$3Forlagets beskrivelse (kort)$uhttps://contents.bibs.aws.unit.no/?isbn=8202433975
=856  42$3Forlagets beskrivelse (kort)$uhttps://contents.bibs.aws.unit.no/?isbn=9788202433970
=856  42$3Forlagets beskrivelse (lang)$uhttps://contents.bibs.aws.unit.no/content/?isbn=9788202433970
=856  42$3Omslagsbilde$uhttps://contents.bibs.aws.unit.no/files/images/large/0/7/9788202433970.jpg$qimage/jpeg
=856  42$3Omslagsbilde$uhttps://contents.bibs.aws.unit.no/files/images/small/0/7/9788202433970.jpg$qimage/jpeg
=856  42$3Originalt bilde$uhttps://contents.bibs.aws.unit.no/files/images/original/0/7/9788202433970.jpg$qimage/jpeg
=859  \\$a0030100$bg00005$cNA/A 2014:3417$f0$h0$x2015-10-31
=859  \\$a0183334$bg00001$cc$f0$h0$x2015-10-31
=876  \\$a14g049680$d20140317$jkat$p14g049680$r14g049680$wBOOK
=876  \\$a14g049684$d20140317$jkat$p14g049684$r14g049684$wBOOK$z(h.) (Til bruk på NB Oslos lesesal)
=901  \\$a90
=913  \\$aKulturfond$bNB
=913  \\$aNorbok$bNB

