=LDR  01502cam a2200349 c 4500
=001  991412570674702202
=005  20230306152054.0
=007  cr\|||||||||||
=008  140314s2013\\\\no#|||||o|||||000|j|nob|\
=015  \\$a1414548$2nbf
=020  \\$a9788202386887$cNkr 19.00
=035  \\$a(EXLNZ-47BIBSYS_NETWORK)991412570674702201
=035  \\$a(NO-TrBIB)141257067
=035  \\$a141257067-47bibsys_network
=040  \\$aNO-OsNB$bnob$ekatreg
=042  \\$anorbibl
=044  \\$cno
=082  74$a839.823$qNO-OsNB$25/nor
=100  1\$aFossum, Karin$d1954-$0(NO-TrBIB)90608300
=245  14$aDen gale mannen i Firenze$cKarin Fossum$h[elektronisk ressurs]
=260  \\$aOslo$bCappelen Damm$c2013
=300  \\$a1 fil$bEPUB
=500  \\$a"Ikke tidligere utgitt"
=500  \\$aTittel fra tittelskjermbildet
=856  40$3$yNB Digital$uhttp://urn.nb.no/URN:NBN:no-nb_digiebok_5204$zTilgjengelig på NBs lesesal
=856  42$3Forlagets beskrivelse (kort)$uhttps://contents.bibs.aws.unit.no/?isbn=9788202386887
=856  42$3Forlagets beskrivelse (lang)$uhttps://contents.bibs.aws.unit.no/content/?isbn=9788202386887
=856  42$3Omslagsbilde$uhttps://contents.bibs.aws.unit.no/files/images/large/7/8/9788202386887.jpg$qimage/jpeg
=856  42$3Omslagsbilde$uhttps://contents.bibs.aws.unit.no/files/images/small/7/8/9788202386887.jpg$qimage/jpeg
=856  42$3Originalt bilde$uhttps://contents.bibs.aws.unit.no/files/images/original/7/8/9788202386887.jpg$qimage/jpeg
=901  \\$a90
=913  \\$aNorbok$bNB

