=LDR  02309cam a2200505 c 4500
=001  991416073354702202
=005  20230708060120.0
=007  ta
=008  140321s2013\\\\xx#|||||||||||000|f|eng|\
=014  1\$a141607335$b(NO-TrBIB)
=015  \\$a1415269$2nbf
=020  \\$a9780099565499$qh.
=035  \\$a(EXLNZ-47BIBSYS_NETWORK)991416073354702201
=035  \\$a(NO-TrBIB)141607335
=035  \\$a141607335-47bibsys_network
=035  \\$a14g050431-47bibsys_nb
=040  \\$aNO-OsNB$bnob$ekatreg
=041  1\$hnob
=042  \\$anorbibl
=044  \\$cgb
=082  74$a839.823$qNO-OsNB$25/nor
=100  1\$aFossum, Karin$d1954-$0(NO-TrBIB)90608300
=245  10$aCalling out for you$cKarin Fossum ; translated from the Norwegian by Charlotte Barslund
=246  1\$aElskede Poona$iOriginaltittel
=260  \\$aLondon$bVintage Books$c2013
=300  \\$a387 s.
=533  \\$aElektronisk reproduksjon$b[Norge]$cNasjonalbiblioteket Digital$d2023-07-07
=655  \7$aRomaner$0(uri)https://id.nb.no/vocabulary/ntsf/258$2ntsf
=700  1\$aBarslund, Charlotte$4trl$0(NO-TrBIB)9061910
=765  0\$aFossum, Karin$tElskede Poona :$w990011580154702201
=852  8\$b0030100$cg00005$hNA/A 2014:3045
=856  40$3$yNB Digital$uhttp://urn.nb.no/URN:NBN:no-nb_digibok_2023030748068$z
=856  41$3Fulltekst$uhttps://urn.nb.no/URN:NBN:no-nb_digibok_2023030748068$yNettbiblioteket$zDigital representasjon
=856  42$3Forlagets beskrivelse (kort)$uhttps://contents.bibs.aws.unit.no/?isbn=0099565498
=856  42$3Forlagets beskrivelse (kort)$uhttps://contents.bibs.aws.unit.no/content/?isbn=9780099565499
=856  42$3Forlagets beskrivelse (lang)$uhttps://contents.bibs.aws.unit.no/?isbn=0099565498
=856  42$3Forlagets beskrivelse (lang)$uhttps://contents.bibs.aws.unit.no/content/?isbn=9780099565499
=856  42$3Omslagsbilde$uhttps://contents.bibs.aws.unit.no/files/images/large/9/9/9780099565499.jpg$qimage/jpeg
=856  42$3Omslagsbilde$uhttps://contents.bibs.aws.unit.no/files/images/small/9/9/9780099565499.jpg$qimage/jpeg
=859  \\$a0030100$bg00005$cNA/A 2014:3045$f0$h0$x2015-10-31
=876  \\$a14g050431$d20140318$jkat$p14g050431$r14g050431$wBOOK$xKiP$z(h.) (Til bruk på NB Oslos lesesal)
=901  \\$a90
=913  \\$aNorbok$bNB
=960  \\$an$9LOCAL
=997  \\$an$9LOCAL

