=LDR  01486cam a2200433 c 4500
=001  991416769814702202
=005  20230601053032.0
=007  ta
=008  140409s2014\\\\xx#|||||||||||000|f|cze|\
=014  1\$a141676981$b(NO-TrBIB)
=015  \\$a1417558$2nbf
=020  \\$a9788072949045$qib.
=035  \\$a(EXLNZ-47BIBSYS_NETWORK)991416769814702201
=035  \\$a(NO-TrBIB)141676981
=035  \\$a141676981-47bibsys_network
=035  \\$a14g054333-47bibsys_nb
=040  \\$aNO-OsNB$bnob$ekatreg
=041  1\$hnob
=042  \\$anorbibl
=044  \\$ccz
=082  74$a839.823$qNO-OsNB$25/nor
=100  1\$aFossum, Karin$d1954-$0(NO-TrBIB)90608300
=245  10$aKdo miluje jinak$cKarin Fossumová ; [přeložila Daniela Mrázová]
=246  1\$aDen som elsker noe annet$iOriginaltittel
=260  \\$aBrno$bHost$c2014
=300  \\$a220 s.
=490  1\$aDetektivní román Host
=536  \\$aNORLA
=655  \7$aRomaner$0(uri)https://id.nb.no/vocabulary/ntsf/258$2ntsf
=700  1\$aMrázová, Daniela$d1976-$4trl$0(NO-TrBIB)11019931
=765  0\$aFossum, Karin$tDen som elsker noe annet :$w990708482894702201
=830  \0$aDetektivní román Host
=852  8\$b0030100$cg00005$hNA/A 2014:3922
=859  \\$a0030100$bg00005$cNA/A 2014:3922$f0$h0$x2015-10-31
=876  \\$a14g054333$d20140328$jkat$p14g054333$r14g054333$wBOOK$xKiP. 2 ex fra Norla$z(ib.) (Til bruk på NB Oslos lesesal)
=901  \\$a90
=913  \\$aNorbok$bNB
=960  \\$an$9LOCAL
=997  \\$an$9LOCAL

