=LDR  02110cam a2200493 c 4500
=001  991420989734702202
=005  20230601053811.0
=007  ta
=008  140813s2014\\\\xx\|||||||||||000|f|eng|\
=014  1\$a142098973$b(NO-TrBIB)
=015  \\$a1420457$2nbf
=020  \\$a9781846557958$qh.
=035  \\$a(EXLNZ-47BIBSYS_NETWORK)991420989734702201
=035  \\$a(NO-TrBIB)142098973
=035  \\$a142098973-47bibsys_network
=035  \\$a14g067790-47bibsys_nb
=040  \\$aNO-OsNB$bnob$ekatreg
=041  1\$hnob
=042  \\$anorbibl
=044  \\$cgb
=082  74$a839.823$qNO-OsNB$25/nor
=100  1\$aFossum, Karin$d1954-$0(NO-TrBIB)90608300
=245  14$aThe murder of Harriet Krohn$cKarin Fossum ; translated from the Norwegian by James Anderson
=246  1\$aDrapet på Harriet Krohn$iOriginaltittel
=260  \\$aLondon$bHarvill Secker$c2014
=300  \\$a297 s.
=500  \\$aPå omslaget: An inspector Sejer novel
=536  \\$aNORLA
=655  \7$aRomaner$0(uri)https://id.nb.no/vocabulary/ntsf/258$2ntsf
=700  1\$aAnderson, James$0(NO-TrBIB)13060080$4trl
=765  0\$aFossum, Karin$tDrapet på Harriet Krohn$w990417281144702201
=852  8\$b0030100$cg00005$hNA/A 2014:5131
=856  42$3Forlagets beskrivelse (kort)$uhttps://contents.bibs.aws.unit.no/?isbn=184655795X
=856  42$3Forlagets beskrivelse (kort)$uhttps://contents.bibs.aws.unit.no/?isbn=9781846557958
=856  42$3Forlagets beskrivelse (lang)$uhttps://contents.bibs.aws.unit.no/?isbn=184655795X
=856  42$3Forlagets beskrivelse (lang)$uhttps://contents.bibs.aws.unit.no/?isbn=9781846557958
=856  42$3Omslagsbilde$uhttps://contents.bibs.aws.unit.no/files/images/large/8/5/9781846557958.jpg$qimage/jpeg
=856  42$3Omslagsbilde$uhttps://contents.bibs.aws.unit.no/files/images/small/8/5/9781846557958.jpg$qimage/jpeg
=859  \\$a0030100$bg00005$cNA/A 2014:5131$f0$h0$x2015-10-31
=876  \\$a14g067790$d20140509$jkat$p14g067790$r14g067790$wBOOK$xKiP. 2 ex fra Norla$z(h.) (Til bruk på NB Oslos lesesal)
=901  \\$a90
=913  \\$aNorbok$bNB
=960  \\$an$9local
=997  \\$an$9local

