=LDR  01848cam a2200469 c 4500
=001  991426592584702202
=005  20240712021708.0
=007  ta
=008  150224s2014\\\\xx#|||||||||||000|f|slo|\
=014  1\$a142659258$b(NO-TrBIB)
=015  \\$a1422665$2nbf
=020  \\$a9788081590641$qib.
=035  \\$a(EXLNZ-47BIBSYS_NETWORK)991426592584702201
=035  \\$a(NO-TrBIB)142659258
=035  \\$a142659258-47bibsys_network
=035  \\$a14g078478-47bibsys_nb
=040  \\$aNO-OsNB$bnob$ekatreg
=041  1\$hnob
=042  \\$anorbibl
=044  \\$csk
=082  74$a839.823$qNO-OsNB$25/nor
=100  1\$aFossum, Karin$d1954-$0(NO-TrBIB)90608300
=245  10$aNeobzeraj sa$cKarin Fossum ; [preložila Zuzana Demjánová]
=246  1\$aSe deg ikke tilbake!$iOriginaltittel
=260  \\$aBratislava$bPremedia$c2014
=300  \\$a268 s.
=490  1\$aEdícia Labyrint$v[2]
=500  \\$aPå smusstittelbladet og omslaget: Tie najlepšie detektivky Inšpektor Sejer
=533  \\$aElektronisk reproduksjon$b[Norge]$cNasjonalbiblioteket Digital$d2024-07-11
=655  \7$aRomaner$0(uri)https://id.nb.no/vocabulary/ntsf/258$2ntsf
=700  1\$aDemjánová, Zuzana$4trl$0(NO-TrBIB)14003157
=765  0\$aFossum, Karin$tSe deg ikke tilbake! :$w999609024224702201
=830  \0$aEdícia Labyrint$v[2]
=852  8\$b0030100$cg00005$hNA/A 2014:5663
=856  40$3$yNB Digital$uhttp://urn.nb.no/URN:NBN:no-nb_digibok_2024052948018$z
=856  41$3Fulltekst$uhttps://urn.nb.no/URN:NBN:no-nb_digibok_2024052948018$yNettbiblioteket$zDigital representasjon
=859  \\$a0030100$bg00005$cNA/A 2014:5663$f0$h0$x2015-10-31
=876  \\$a14g078478$d20140603$jkat$p14g078478$r14g078478$wBOOK$xKiP. 1 ex fra Cappelen Damm$z(ib.) (Til bruk på NB Oslos lesesal)
=901  \\$a90
=913  \\$aNorbok$bNB
=960  \\$an$9LOCAL
=997  \\$an$9LOCAL

