=LDR  01468cam a2200433 c 4500
=001  991427775444702202
=005  20230601055126.0
=007  ta
=008  140912s2014\\\\xx#|||||||||||000|f|est|\
=014  1\$a142777544$b(NO-TrBIB)
=015  \\$a1426479$2nbf
=020  \\$a9789949525430$qh.
=035  \\$a(EXLNZ-47BIBSYS_NETWORK)991427775444702201
=035  \\$a(NO-TrBIB)142777544
=035  \\$a142777544-47bibsys_network
=035  \\$a14g087361-47bibsys_nb
=040  \\$aNO-OsNB$bnob$ekatreg
=041  1\$hnob
=042  \\$anorbibl
=044  \\$cee
=082  74$a839.823$qNO-OsNB$25/nor
=100  1\$aFossum, Karin$d1954-$0(NO-TrBIB)90608300
=245  10$aCarmen Zita ja surm$cKarin Fossum ; norra keelest tõlkinud Sigrid Tooming
=246  1\$aCarmen Zita og døden$iOriginaltittel
=260  \\$aTallinn$bEesti Raamat$ccop. 2014
=300  \\$a159 s.
=490  1\$aMirabilia
=536  \\$aNORLA
=655  \7$aRomaner$0(uri)https://id.nb.no/vocabulary/ntsf/258$2ntsf
=700  1\$aTooming, Sigrid$d1959-$4trl$0(NO-TrBIB)11011741
=765  0\$aFossum, Karin$tCarmen Zita og døden :$w991320215364702201
=830  \0$aMirabilia
=852  8\$b0030100$cg00005$hNA/A 2014:6887
=859  \\$a0030100$bg00005$cNA/A 2014:6887$f0$h0$x2015-10-31
=876  \\$a14g087361$d20140624$jkat$p14g087361$r14g087361$wBOOK$xKiP. 2 ex fra Norl$z(h.) (Til bruk på NB Oslos lesesal)
=901  \\$a90
=913  \\$aNorbok$bNB
=960  \\$an$9LOCAL
=997  \\$an$9LOCAL

