=LDR  01994cam a2200517 c 4500
=001  991431809324702202
=005  20240409082422.0
=007  ta
=008  140820s2014\\\\xx\|||||||||||000|f|spa|\
=014  1\$a143180932$b(NO-TrBIB)
=015  \\$a1428671$2nbf
=020  \\$a9788490328293$qh.
=035  \\$a(EXLNZ-47BIBSYS_NETWORK)991431809324702201
=035  \\$a(NO-TrBIB)143180932
=035  \\$a143180932-47bibsys_network
=035  \\$a14g129838-47bibsys_nb
=040  \\$aNO-OsNB$bnob$ekatreg
=041  1\$hnob
=042  \\$anorbibl
=044  \\$ces
=082  74$a839.823$qNO-OsNB$25/nor
=100  1\$aFossum, Karin$d1954-$0(NO-TrBIB)90608300
=245  10$aSegundos negros$cKarin Fossum ; traducción de Kirsti Baggethun, Asu- nción Lorenzo
=246  1\$aSvarte sekunder$iOriginaltittel
=260  \\$aBarcelona$bDebolsillo$c2014
=300  \\$a262 s.
=490  1\$aBestseller
=490  1\$aBiblioteca Karin Fossum
=500  \\$aNummer på ryggen: 529/6
=533  \\$aElektronisk reproduksjon$b[Norge]$cNasjonalbiblioteket Digital$d2024-04-03
=536  \\$aNORLA
=655  \7$aRomaner$0(uri)https://id.nb.no/vocabulary/ntsf/258$2ntsf
=700  1\$aBaggethun, Kirsti$d1944-$4trl$0(NO-TrBIB)90584630
=700  1\$aLorenzo, Asunción$4trl$0(NO-TrBIB)6021783
=765  0\$aFossum, Karin$tSvarte sekunder :$w990216462524702201
=800  1\$aFossum, Karin$d1954-$tBiblioteca Karin Fossum$0(NO-TrBIB)90608300
=830  \0$aBestseller
=852  8\$b0030100$cg00005$hNA/A 2014:7646
=856  40$3$yNB Digital$uhttp://urn.nb.no/URN:NBN:no-nb_digibok_2024030748053$z
=856  41$3Fulltekst$uhttps://urn.nb.no/URN:NBN:no-nb_digibok_2024030748053$yNettbiblioteket$zDigital representasjon
=859  \\$a0030100$bg00005$cNA/A 2014:7646$f0$h0$x2015-10-31
=876  \\$a14g129838$d20140813$jkat$p14g129838$r14g129838$wBOOK$xKiP. 1 ex fra Cappelen Damm$z(h.) (Til bruk på NB Oslos lesesal)
=901  \\$a90
=913  \\$aNorbok$bNB
=960  \\$an$9local
=997  \\$an$9local

