=LDR  01748cam a2200445 c 4500
=001  991431811304702202
=005  20230823060023.0
=007  ta
=008  140815s2014\\\\xx#|||||||||||000|f|fin|\
=014  1\$a143181130$b(NO-TrBIB)
=015  \\$a1428445$2nbf
=020  \\$a9789510405246$qib.
=035  \\$a(EXLNZ-47BIBSYS_NETWORK)991431811304702201
=035  \\$a(NO-TrBIB)143181130
=035  \\$a143181130-47bibsys_network
=035  \\$a14g129854-47bibsys_nb
=040  \\$aNO-OsNB$bnob$ekatreg
=041  1\$hnob
=042  \\$anorbibl
=044  \\$cfi
=082  74$a839.823$qNO-OsNB$25/nor
=100  1\$aFossum, Karin$d1954-$0(NO-TrBIB)90608300
=245  10$aCarmen Zita ja kuolema :$bromaani$cKarin Fossum ; suomentanut Tarja Teva
=246  1\$aCarmen Zita og døden$iOriginaltittel
=260  \\$aHelsinki$bJohnny Kniga$c[2014]
=300  \\$a216 s.
=500  \\$aPå løst omslag: Konrad Sejer-sarja
=533  \\$aElektronisk reproduksjon$b[Norge]$cNasjonalbiblioteket Digital$d2023-08-22
=655  \7$aRomaner$0(uri)https://id.nb.no/vocabulary/ntsf/258$2ntsf
=700  1\$aTeva, Tarja$d1967-$4trl$0(NO-TrBIB)11073043
=765  0\$aFossum, Karin$tCarmen Zita og døden :$w991320215364702201
=852  8\$b0030100$cg00005$hNA/A 2014:7569
=856  40$3$yNB Digital$uhttp://urn.nb.no/URN:NBN:no-nb_digibok_2023030748202$z
=856  41$3Fulltekst$uhttps://urn.nb.no/URN:NBN:no-nb_digibok_2023030748202$yNettbiblioteket$zDigital representasjon
=859  \\$a0030100$bg00005$cNA/A 2014:7569$f0$h0$x2015-10-31
=876  \\$a14g129854$d20140813$jkat$p14g129854$r14g129854$wBOOK$xKiP. 1 ex fra Cappelen Damm$z(ib.) (Til bruk på NB Oslos lesesal)
=901  \\$a90
=913  \\$aNorbok$bNB
=960  \\$an$9LOCAL
=997  \\$an$9LOCAL

