=LDR  02342cam a2200505 c 4500
=001  991431811734702202
=005  20240409082427.0
=007  ta
=008  140815s2014\\\\xx#|||||||||||000|f|eng|\
=014  1\$a143181173$b(NO-TrBIB)
=015  \\$a1428443$2nbf
=020  \\$a9780099571834$qh.
=035  \\$a(EXLNZ-47BIBSYS_NETWORK)991431811734702201
=035  \\$a(NO-TrBIB)143181173
=035  \\$a143181173-47bibsys_network
=035  \\$a14g129859-47bibsys_nb
=040  \\$aNO-OsNB$bnob$ekatreg
=041  1\$hnob
=042  \\$anorbibl
=044  \\$cgb
=082  74$a839.823$qNO-OsNB$25/nor
=100  1\$aFossum, Karin$d1954-$0(NO-TrBIB)90608300
=245  10$aI can see in the dark$cKarin Fossum ; translated from the Norwegian by James Anderson
=246  1\$aJeg kan se i mørket$iOriginaltittel
=260  \\$aLondon$bVintage Books$c2014
=300  \\$a250 s.
=533  \\$aElektronisk reproduksjon$b[Norge]$cNasjonalbiblioteket Digital$d2024-04-03
=655  \7$aRomaner$0(uri)https://id.nb.no/vocabulary/ntsf/258$2ntsf
=700  1\$aAnderson, James$4trl$0(NO-TrBIB)13060080
=765  0\$aFossum, Karin$tJeg kan se i mørket :$w991127625904702201
=852  8\$b0030100$cg00005$hNA/A 2014:7568
=856  40$3$yNB Digital$uhttp://urn.nb.no/URN:NBN:no-nb_digibok_2024030748052$z
=856  41$3Fulltekst$uhttps://urn.nb.no/URN:NBN:no-nb_digibok_2024030748052$yNettbiblioteket$zDigital representasjon
=856  42$3Forlagets beskrivelse (kort)$uhttps://contents.bibs.aws.unit.no/?isbn=0099571838
=856  42$3Forlagets beskrivelse (kort)$uhttps://contents.bibs.aws.unit.no/content/?isbn=9780099571834
=856  42$3Forlagets beskrivelse (lang)$uhttps://contents.bibs.aws.unit.no/?isbn=0099571838
=856  42$3Forlagets beskrivelse (lang)$uhttps://contents.bibs.aws.unit.no/content/?isbn=9780099571834
=856  42$3Omslagsbilde$uhttps://contents.bibs.aws.unit.no/files/images/large/4/3/9780099571834.jpg$qimage/jpeg
=856  42$3Omslagsbilde$uhttps://contents.bibs.aws.unit.no/files/images/small/4/3/9780099571834.jpg$qimage/jpeg
=859  \\$a0030100$bg00005$cNA/A 2014:7568$f0$h0$x2015-10-31
=876  \\$a14g129859$d20140813$jkat$p14g129859$r14g129859$wBOOK$xKiP. 1 ex fra Cappelen Damm$z(h.) (Til bruk på NB Oslos lesesal)
=901  \\$a90
=913  \\$aNorbok$bNB
=960  \\$an$9LOCAL
=997  \\$an$9LOCAL

