=LDR  02307cam a2200529 c 4500
=001  991431818074702202
=005  20240409082431.0
=007  ta
=008  150703s2014\\\\xx#|||||||||||000|f|eng|\
=014  1\$a143181807$b(NO-TrBIB)
=014  1\$a143181807$b(NO-TrBIB)
=015  \\$a1428436$2nbf
=020  \\$a9780544114425$qib.
=020  \\$a9780544483989$qh.
=035  \\$a(EXLNZ-47BIBSYS_NETWORK)991431818074702201
=035  \\$a(NO-TrBIB)143181807
=035  \\$a143181807-47bibsys_network
=035  \\$a14g129915-47bibsys_nb
=035  \\$a15g115772-47bibsys_nb
=040  \\$aNO-OsNB$bnob$ekatreg
=041  1\$hnob
=042  \\$anorbibl
=044  \\$cus
=082  74$a839.823$qNO-OsNB$25/nor
=100  1\$aFossum, Karin$d1954-$4aut$0(NO-TrBIB)90608300
=245  10$aI can see in the dark$cKarin Fossum ; translated from the Norwegian by James Anderson
=246  1\$aJeg kan se i mørket$iOriginaltittel
=260  \\$aBoston, Mass.$bHoughton Mifflin Harcourt$c2014
=300  \\$a210 s.
=533  \\$aElektronisk reproduksjon$b[Norge]$cNasjonalbiblioteket Digital$d2024-04-03
=655  \7$aRomaner$0(uri)https://id.nb.no/vocabulary/ntsf/258$2ntsf
=700  1\$aAnderson, James$4trl$0(NO-TrBIB)13060080
=765  0\$aFossum, Karin$tJeg kan se i mørket :$w991127625904702201
=852  8\$b0030100$cg00005$hNA/A 2014:4056
=852  8\$b0030100$cg00005$hNA/A 2014:7566
=856  40$3$yNB Digital$uhttp://urn.nb.no/URN:NBN:no-nb_digibok_2024030748063$z
=856  41$3Fulltekst$uhttps://urn.nb.no/URN:NBN:no-nb_digibok_2024030748063$yNettbiblioteket$zDigital representasjon
=856  42$3Miniatyrbilde$uhttps://contents.bibs.aws.unit.no/files/images/small/9/8/9780544483989.jpg$qimage/jpeg
=856  42$3Omslagsbilde$uhttps://contents.bibs.aws.unit.no/files/images/large/9/8/9780544483989.jpg$qimage/jpeg
=859  \\$a0030100$bg00005$cNA/A 2014:4056$f0$h0$x2015-10-31
=859  \\$a0030100$bg00005$cNA/A 2014:7566$f0$h0$x2015-10-31
=876  \\$a14g129915$d20140813$jkat$p14g129915$r14g129915$wBOOK$xKiP. 1 ex fra Cappelen Damm$z(ib.) (Til bruk på NB Oslos lesesal)
=876  \\$a15g115772$d20150701$jkat$p15g115772$r15g115772$wBOOK$xKiP, Heftet utg$z(h.) (Til bruk på NB Oslos lesesal)
=901  \\$a90
=913  \\$aNorbok$bNB
=960  \\$an$9LOCAL
=997  \\$an$9LOCAL

