=LDR  01505cam a2200433 c 4500
=001  991435690904702202
=005  20230601063500.0
=007  ta
=008  151019s2014\\\\xx#|||||||||||000|f|arm|\
=014  1\$a143569090$b(NO-TrBIB)
=015  \\$a1532325$2nbf
=020  \\$a9789939810263$qh.
=035  \\$a(EXLNZ-47BIBSYS_NETWORK)991435690904702201
=035  \\$a(NO-TrBIB)143569090
=035  \\$a143569090-47bibsys_network
=035  \\$a14g185022-47bibsys_nb
=040  \\$aNO-OsNB$bnob$ekatreg
=041  1\$hnob
=042  \\$anorbibl
=044  \\$cam
=082  04$a839.823$qNO-OsNB$223/nor
=100  1\$aFossum, Karin$d1954-$4aut$0(NO-TrBIB)90608300
=245  10$aMi heṛats'ir :$bvep$cK'arin Fosum ; [t'argmanich'ner' Karine Aghabekyan, Alek'sandr Aghabekyan]
=246  1\$aElskede Poona$iOriginaltittel
=260  \\$aErevan$bGitank'$c2014
=300  \\$a292 s.
=536  \\$aNORLA
=655  \7$aRomaner$0(uri)https://id.nb.no/vocabulary/ntsf/258$2ntsf
=700  1\$aAghabekyan, Alek'sandr$4trl$0(NO-TrBIB)12040402
=700  1\$aAghabekyan, Karine$4trl$0(NO-TrBIB)12040418
=765  0\$aFossum, Karin$tElskede Poona :$w990011580154702201
=852  8\$b0030100$cg00005$hNA/A 2015:8873
=859  \\$a0030100$bg00005$cNA/A 2015:8873$f0$h0$x2015-10-31
=876  \\$a14g185022$d20141008$jkat$p14g185022$r14g185022$wBOOK$xKiP. 2 ex fra Norla$z(h.) (Til bruk på NB Oslos lesesal)
=901  \\$a90
=913  \\$aNorbok$bNB
=913  \\$aNORLA$bNB
=960  \\$an$9LOCAL
=997  \\$an$9LOCAL

