=LDR  02501cam a2200589 c 4500
=001  991442779804702202
=005  20230609081110.0
=007  ta
=008  150925s2014\\\\no#|||||||||||010|0|mul|\
=014  1\$a144277980$b(NO-TrBIB)
=014  1\$a144277980$b(NO-TrBIB)
=015  \\$a1440573$2nbf
=020  \\$a9788202453817$qib.$cNkr 349.00
=035  \\$a(EXLNZ-47BIBSYS_NETWORK)991442779804702201
=035  \\$a(NO-TrBIB)144277980
=035  \\$a144277980-47bibsys_network
=035  \\$a14g202920-47bibsys_nb
=035  \\$a14g202921-47bibsys_nb
=040  \\$aNO-OsNB$bnob$ekatreg
=041  \\$anob$adan$aeng$aswe
=042  \\$anorbibl
=044  \\$cno
=082  04$a839.82092$221
=082  04$a839.828$223
=082  04$a839.828$qNoOU$222
=082  74$a839.823$qNO-OsNB$25/nor
=245  03$aEn Mørk fløytetone :$bfestskrift til Karin Fossum 60 år
=260  \\$a[Oslo]$bCappelen Damm$c2014
=300  \\$a186 s.
=500  \\$aRedaktør: Anja Rålm
=600  17$aFossum, Karin$d1954-$0(NO-TrBIB)90608300$2bare
=648  \7$a1900-tallet$2humord$0(NO-TrBIB)HUME10975
=648  \7$a2000-tallet$2humord$0(NO-TrBIB)HUME10971
=650  \7$aForfattere$2humord$0(NO-TrBIB)HUME07484
=650  \7$aNorsk litteratur$2humord$0(NO-TrBIB)HUME06959
=653  \\$anorsk$alitteratur$aforfattere$aforfattarar$akrim$akriminalforfattere
=655  \7$aFestskrift$2ntsf$0(uri)https://id.nb.no/vocabulary/ntsf/93
=700  1\$aFossum, Karin$d1954-$4hnr$0(NO-TrBIB)90608300
=700  1\$aRålm, Anja$d1974-$4edt$0(NO-TrBIB)14068545
=852  8\$b0030100$cg00005$hNA/A 2015:22
=852  8\$b0183334$cg00001$hb
=856  42$3Forlagets beskrivelse (kort)$uhttps://contents.bibs.aws.unit.no/?isbn=9788202453817
=856  42$3Forlagets beskrivelse (lang)$uhttps://contents.bibs.aws.unit.no/?isbn=9788202453817
=856  42$3Omslagsbilde$uhttps://contents.bibs.aws.unit.no/files/images/large/7/1/9788202453817.jpg$qimage/jpeg
=856  42$3Omslagsbilde$uhttps://contents.bibs.aws.unit.no/files/images/small/7/1/9788202453817.jpg$qimage/jpeg
=856  42$3Originalt bilde$uhttps://contents.bibs.aws.unit.no/files/images/original/7/1/9788202453817.jpg$qimage/jpeg
=859  \\$a0030100$bg00005$cNA/A 2015:22$f0$h0$x2015-10-31
=859  \\$a0183334$bg00001$cb$f0$h0$x2015-10-31
=876  \\$a14g202920$d20141114$jkat$p14g202920$r14g202920$wBOOK
=876  \\$a14g202921$d20141114$jkat$p14g202921$r14g202921$wBOOK$z(ib.)(Til bruk på NB Oslos lesesal)
=901  \\$a90
=913  \\$aNorbok$bNB

