=LDR  02341cam a2200541 c 4500
=001  991500094024702202
=005  20230601070541.0
=007  ta
=008  150326s2015\\\\no#|||||||||||000|f|nob|\
=014  1\$a150009402$b(NO-TrBIB)
=014  1\$a150009402$b(NO-TrBIB)
=015  \\$a1508440$2nbf
=020  \\$a9788202475550$qh.$cNkr 149.00
=035  \\$a(EXLNZ-47BIBSYS_NETWORK)991500094024702201
=035  \\$a(NO-OsBA)0425044
=035  \\$a(NO-TrBIB)150009402
=035  \\$a150009402-47bibsys_network
=035  \\$a15g006683-47bibsys_nb
=035  \\$a15g006687-47bibsys_nb
=040  \\$aNO-OsNB$bnob$ekatreg
=042  \\$anorbibl
=044  \\$cno
=082  74$a839.823$qNO-OsNB$25/nor
=100  1\$aFossum, Karin$d1954-$4aut$0(NO-TrBIB)90608300
=245  10$aHelvetesilden :$broman$cKarin Fossum
=260  \\$a[Oslo]$bCappelen Damm$c2015
=300  \\$a246 s.
=490  1\$aKaliber
=500  \\$a1. utg. 2014
=500  \\$aPå omslaget: Ny Konrad Sejer-krim
=533  \\$aElektronisk reproduksjon$b[Norge]$cNasjonalbiblioteket Digital$d2019-06-25
=655  \7$aRomaner$0(uri)https://id.nb.no/vocabulary/ntsf/258$2ntsf
=830  \0$aKaliber
=852  8\$b0030100$cg00005$hNA/A 2015:960
=852  8\$b0183334$cg00001$hc
=856  40$3$yNB Digital$uhttp://urn.nb.no/URN:NBN:no-nb_digibok_2019062507157$z
=856  41$3Fulltekst$uhttps://urn.nb.no/URN:NBN:no-nb_digibok_2019062507157$yNettbiblioteket$zDigital representasjon
=856  42$3Forlagets beskrivelse (kort)$uhttps://contents.bibs.aws.unit.no/?isbn=9788202475550
=856  42$3Forlagets beskrivelse (lang)$uhttps://contents.bibs.aws.unit.no/content/?isbn=9788202475550
=856  42$3Miniatyrbilde$uhttps://contents.bibs.aws.unit.no/files/images/small/0/5/9788202475550.jpg$qimage/jpeg
=856  42$3Omslagsbilde$uhttps://contents.bibs.aws.unit.no/files/images/large/0/5/9788202475550.jpg$qimage/jpeg
=856  42$3Originalt bilde$uhttps://contents.bibs.aws.unit.no/files/images/original/0/5/9788202475550.jpg$qimage/jpeg
=859  \\$a0030100$bg00005$cNA/A 2015:960$f0$h0$x2015-10-31
=859  \\$a0183334$bg00001$cc$f0$h0$x2015-10-31
=876  \\$a15g006683$d20150120$jkat$p15g006683$r15g006683$wBOOK
=876  \\$a15g006687$d20150120$jkat$p15g006687$r15g006687$wBOOK$z(h.) (Til bruk på NB Oslos lesesal)
=901  \\$a90
=913  \\$aNorbok$bNB

