=LDR  01576cam a2200373 c 4500
=001  991500256884702202
=005  20230601070656.0
=007  ta
=008  150814s2014\\\\mau|||||||||||000|f|eng|\
=014  1\$a150025688$b(NO-TrBIB)
=020  \\$a978-0-544-27339-9$qib.
=035  \\$a(EXLNZ-47BIBSYS_NETWORK)991500256884702201
=035  \\$a(NO-TrBIB)150025688
=035  \\$a150025688-47bibsys_network
=035  \\$a15g001615-47bibsys_nb
=040  \\$aNO-OsNB$bnob$ekatreg
=041  1\$aeng$hnob
=082  74$a839.8238$qNO-OsNB$223/nor
=100  1\$aFossum, Karin$d1954-$4aut$0(NO-TrBIB)90608300
=245  14$aThe murder of Harriet Krohn$cKarin Fossum ; translated from the Norwegian by James Anderson
=246  1\$iOriginaltittel:$aDrapet på Harriet Krohn
=260  \\$aBoston, Mass.$bHoughton Mifflin Harcourt$c2014
=300  \\$a242 s.$c21 cm
=655  \7$aRomaner$0(uri)https://id.nb.no/vocabulary/ntsf/258$2ntsf
=700  1\$aAnderson, James$4trl$0(NO-TrBIB)13060080
=765  0\$aFossum, Karin$tDrapet på Harriet Krohn$w990417281144702201
=852  8\$b0030100$cg00005$hNA/A 2015:256
=856  42$3Miniatyrbilde$uhttps://contents.bibs.aws.unit.no/files/images/small/9/9/9780544273399.jpg$qimage/jpeg
=856  42$3Omslagsbilde$uhttps://contents.bibs.aws.unit.no/files/images/large/9/9/9780544273399.jpg$qimage/jpeg
=859  \\$a0030100$bg00005$cNA/A 2015:256$f0$h0$x2015-10-31
=876  \\$a15g001615$d20150108$jkat$p15g001615$r15g001615$wBOOK$xKiP$z(ib.) (Til bruk på NB Oslos lesesal)
=913  \\$aNorbok$bNB
=913  \\$aNORLA$bNB
=997  \\$an$9local

