=LDR  01615cam a2200469 c 4500
=001  991501685514702202
=005  20230601071313.0
=007  ta
=008  150408s2014\\\\xx#|||||||||||000|f|slo|\
=014  1\$a150168551$b(NO-TrBIB)
=015  \\$a1510693$2nbf
=020  \\$a9788081591266$qib.
=035  \\$a(EXLNZ-47BIBSYS_NETWORK)991501685514702201
=035  \\$a(NO-TrBIB)150168551
=035  \\$a150168551-47bibsys_network
=035  \\$a15g011526-47bibsys_nb
=040  \\$aNO-OsNB$bnob$ekatreg
=041  1\$hnob
=042  \\$anorbibl
=044  \\$csk
=082  74$a839.823$qNO-OsNB$25/nor
=100  1\$aFossum, Karin$d1954-$4aut$0(NO-TrBIB)90608300
=245  10$aKto sa bojí vlka$cKarin Fossum
=246  1\$aDen som frykter ulven$iOriginaltittel
=260  \\$aBratislava$bPremedia$c2014
=300  \\$a242 s.
=490  1\$aEdícia Labyrint$v6
=500  \\$aOversatt av Zuzana Demjánová
=500  \\$aPå smusstittelbladet og løst omslag: Tie najlepšie detektivky Inšpektor Sejer
=536  \\$aNORLA
=655  \7$aRomaner$0(uri)https://id.nb.no/vocabulary/ntsf/258$2ntsf
=700  1\$aDemjánová, Zuzana$4trl$0(NO-TrBIB)14003157
=765  0\$aFossum, Karin$tDen som frykter ulven :$w999710795794702201
=830  \0$aEdícia Labyrint$v6
=852  8\$b0030100$cg00005$hNA/A 2015:1783
=859  \\$a0030100$bg00005$cNA/A 2015:1783$f0$h0$x2015-10-31
=876  \\$a15g011526$d20150130$jkat$p15g011526$r15g011526$wBOOK$xKiP. 2 ex fra Norla$z(ib.) (Til bruk på NB Oslos lesesal)
=901  \\$a90
=913  \\$aNorbok$bNB
=913  \\$aNORLA$bNB
=960  \\$an$9LOCAL
=997  \\$an$9LOCAL

