=LDR  01539cam a2200433 c 4500
=001  991504464704702202
=005  20230601071725.0
=007  ta
=008  150218s2015\\\\xx\|||||||||||000|f|swe|\
=014  1\$a150446470$b(NO-TrBIB)
=015  \\$a1510325$2nbf
=020  \\$a9789137143972$qib.
=035  \\$a(EXLNZ-47BIBSYS_NETWORK)991504464704702201
=035  \\$a(NO-TrBIB)150446470
=035  \\$a150446470-47bibsys_network
=035  \\$a15g017009-47bibsys_nb
=040  \\$aNO-OsNB$bnob$ekatreg
=041  1\$hnob
=042  \\$anorbibl
=044  \\$cse
=082  74$a839.823$qNO-OsNB$25/nor
=100  1\$aFossum, Karin$d1954-$4aut$0(NO-TrBIB)90608300
=245  10$aHelveteselden$cKarin Fossum ; översättning: Margareta Järnebrand
=246  1\$aHelvetesilden$iOriginaltittel
=260  \\$aStockholm$bForum$c2015
=300  \\$a233 s.
=490  1\$a[En Konrad Sejer-deckare]$v11
=500  \\$aSerietittel fra løst omslag
=655  \7$aRomaner$0(uri)https://id.nb.no/vocabulary/ntsf/258$2ntsf
=700  1\$aJärnebrand, Margareta$d1947-$4trl$0(NO-TrBIB)11045740
=765  0\$aFossum, Karin$tHelvetesilden$w991334555994702201
=800  1\$aFossum, Karin$tEn Konrad Sejer-deckare$v11$d1954-
=852  8\$b0030100$cg00005$hNA/A 2015:1232
=859  \\$a0030100$bg00005$cNA/A 2015:1232$f0$h0$x2015-10-31
=876  \\$a15g017009$d20150216$jkat$p15g017009$r15g017009$wBOOK$xKiP. 2 ex fra Cappelen Damm$z(ib.) (Til bruk på NB Oslos lesesal)
=901  \\$a90
=913  \\$aNorbok$bNB
=960  \\$an$9local
=997  \\$an$9local

