=LDR  01433cam a2200397 c 4500
=001  991504578474702202
=005  20230601071808.0
=007  ta
=008  150827s2014\\\\xx#|||||||||||000|f|ger|\
=014  1\$a150457847$b(NO-TrBIB)
=015  \\$a1511395$2nbf
=020  \\$a9783833309939$qib.
=035  \\$a(EXLNZ-47BIBSYS_NETWORK)991504578474702201
=035  \\$a(NO-TrBIB)150457847
=035  \\$a150457847-47bibsys_network
=035  \\$a15g017653-47bibsys_nb
=040  \\$aNO-OsNB$bnob$ekatreg
=041  1\$hnob
=042  \\$anorbibl
=044  \\$cde
=082  74$a839.823$qNO-OsNB$25/nor
=100  1\$aFossum, Karin$d1954-$4aut$0(NO-TrBIB)90608300
=245  10$aSchlafe, mein Prinzchen, schlaf ein$cKarin Fossum ; aus dem Norwegischen von Gabriele Haefs
=246  1\$aCarmen Zita og døden$iOriginaltittel
=260  \\$aBerlin$bBerlin Verlag Taschenbuch$c2014
=300  \\$a285 s.
=655  \7$aRomaner$0(uri)https://id.nb.no/vocabulary/ntsf/258$2ntsf
=700  1\$aHaefs, Gabriele$d1953-$4trl$0(NO-TrBIB)90353340
=765  0\$aFossum, Karin$tCarmen Zita og døden :$w991320215364702201
=852  8\$b0030100$cg00005$hNA/A 2015:1729
=859  \\$a0030100$bg00005$cNA/A 2015:1729$f0$h0$x2015-10-31
=876  \\$a15g017653$d20150217$jkat$p15g017653$r15g017653$wBOOK$xKiP. 1 ex fra Cappelen Damm$z(h.) (Til bruk på NB Oslos lesesal)
=901  \\$a90
=913  \\$aNorbok$bNB
=960  \\$an$9LOCAL
=997  \\$an$9LOCAL

