=LDR  01864cam a2200433 c 4500
=001  991505267844702202
=005  20230601072117.0
=007  ta
=008  150303s2014\\\\ko\\|||e||||||000|f|kor|\
=014  1\$a150526784$b(NO-TrBIB)
=020  \\$a9788956608266$qh.
=035  \\$a(EXLNZ-47BIBSYS_NETWORK)991505267844702201
=035  \\$a(NO-TrBIB)150526784
=035  \\$a150526784-47bibsys_network
=035  \\$a15g021951-47bibsys_nb
=040  \\$aNO-OsNB$bnob$ekatreg
=100  1\$aFossum, Karin$d1954-$0(NO-TrBIB)90608300$4aut
=245  10$6880-01$aYagansīryǒk$cKalin Posum ; Park Hyun-chu omgim
=880  10$6245-01/{dollar}1$a야간시력$c카린 포숨; 옮긴이: 박현주. 박현주
=246  1\$iOriginaltittel:$aJeg kan se i mørket
=260  \\$aSeoul$bŬnhaeng Namu$c2014
=300  \\$a265 s.$c21 cm
=336  \\$atekst$0http://rdaregistry.info/termList/RDAContentType/1020$2rdaco
=337  \\$auformidlet$0http://rdaregistry.info/termList/RDAMediaType/1007$2rdamt
=338  \\$abind$0http://rdaregistry.info/termList/RDACarrierType/1049$2rdact
=533  \\$aElektronisk reproduksjon$b[Norge]$cNasjonalbiblioteket Digital$d2022-10-05
=655  \7$aRomaner$0(uri)https://id.nb.no/vocabulary/ntsf/258$2ntsf
=700  1\$aPark, Hyun-chu$0(NO-TrBIB)1560455414115$4trl
=765  0\$tJeg kan se i mørket$w991127625904702201$z9788202349868
=852  8\$b0030100$cg00005$hNA/A 2019:7651
=856  40$3$yNB Digital$uhttp://urn.nb.no/URN:NBN:no-nb_digibok_2022081848584$z
=856  41$3Fulltekst$uhttps://urn.nb.no/URN:NBN:no-nb_digibok_2022081848584$yNettbiblioteket$zDigital representasjon
=859  \\$a0030100$bg00005$f0$h9$x2015-10-31
=876  \\$a15g021951$d20150303$jakset$p15g021951$r15g021951$wBOOK$xKiP. 1 ex fra Cappelen Damm
=901  \\$a50
=913  \\$aNorbok$bNB
=913  \\$aNORLA$bNB
=960  \\$an$9local
=997  \\$an$9local

