=LDR  01465cam a2200397 c 4500
=001  991506859204702202
=005  20230601072703.0
=007  ta
=008  150410s2014\\\\bg\a|||e||||||000|1|ben|\
=014  1\$a150685920$b(NO-TrBIB)
=020  \\$a9789849121312$qib.
=035  \\$a(EXLNZ-47BIBSYS_NETWORK)991506859204702201
=035  \\$a(NO-TrBIB)150685920
=035  \\$a150685920-47bibsys_network
=035  \\$a15g070934-47bibsys_nb
=040  \\$aNO-OsNB$bnob$ekatreg
=041  1\$aben$hnob$keng
=082  04$a839.82374$223/nor$qNO-OsNB
=100  1\$aFossum, Karin$d1954-$0(NO-TrBIB)90608300$4aut
=245  10$6880-01$aIna dya ḍārkanēsa$cKārina Phōsāma ; anubāda: Śa'ōkata Hōsēna
=880  10$6245-01/Deva$aইন দ্য ডার্কনেস$cকারিন ফোসাম ; অনুবাদ: শওকত হোসেন
=246  1\$aEvas øye$iOriginaltittel:
=260  \\$aḌhākā$bKālōharapha$c2014
=300  \\$a285 s.
=500  \\$aOversatt tter "In the darkness"
=536  \\$aNORLA
=655  \7$aRomaner$0(uri)https://id.nb.no/vocabulary/ntsf/258$2ntsf
=765  0\$tEva øye$w999523438194702201$z82-02-15853-2
=852  8\$b0030100$cg00005$hNA/A 2021:8399
=859  \\$a0030100$bg00005$f0$h9$x2015-10-31
=876  \\$a15g070934$d20150410$jakset$p15g070934$r15g070934$wBOOK$xKiP. 2 ex fra Norla, Bengeli?
=901  \\$a60
=913  \\$aNorbok$bNB
=913  \\$aNORLA$bNB
=960  \\$an$9local
=997  \\$an$9local

