=LDR  01516cam a2200397 c 4500
=001  991507630774702202
=005  20230601072821.0
=007  ta
=008  150422s2014\\\\bg\\|||e||||||000|1|ben|\
=014  1\$a150763077$b(NO-TrBIB)
=020  \\$a9789849121305$qib.
=035  \\$a(EXLNZ-47BIBSYS_NETWORK)991507630774702201
=035  \\$a(NO-TrBIB)150763077
=035  \\$a150763077-47bibsys_network
=035  \\$a15g074750-47bibsys_nb
=040  \\$aNO-OsNB$bnob$ekatreg
=041  1\$aben$hnob$keng
=082  04$a839.82374$223/nor$qNO-OsNB
=100  1\$aFossum, Karin$d1954-$0(NO-TrBIB)90608300$4aut
=245  10$6880-01$aĀ'i kyāna si ina dya ḍārka$cKārina Phōsāma ; anubāda: Śa'ōkata Hōsēna
=880  10$6245-01/Deva$aআই ক্যান সি ইন দ্য ডার্ক$cকারিন ফোসাম ; অনুবাদ: শওকত হোসেন
=246  1\$aJeg kan se i mørket$iOriginaltittel:
=260  \\$aḌhākā$bKālōharapha$c2014
=300  \\$a208 s.
=500  \\$aOversatt etter "I can see in the dark"
=536  \\$aNORLA
=655  \7$aRomaner$0(uri)https://id.nb.no/vocabulary/ntsf/258$2ntsf
=765  0\$tJeg kan se i mørket$w991127625904702201$z9788202349868
=852  8\$b0030100$cg00005$hNA/A 2021:8398
=859  \\$a0030100$bg00005$f0$h9$x2015-10-31
=876  \\$a15g074750$d20150422$jakset$p15g074750$r15g074750$wBOOK$xKiP. 2 ex fra Norla
=901  \\$a60
=913  \\$aNorbok$bNB
=913  \\$aNORLA$bNB
=960  \\$an$9local
=997  \\$an$9local

