=LDR  02086cam a2200493 c 4500
=001  991511467054702202
=005  20230601073520.0
=007  ta
=008  150907s2015\\\\xx#|||||||||||000|f|eng|\
=014  1\$a151146705$b(NO-TrBIB)
=015  \\$a1520088$2nbf
=020  \\$a9781846558542$qh.
=035  \\$a(EXLNZ-47BIBSYS_NETWORK)991511467054702201
=035  \\$a(NO-TrBIB)151146705
=035  \\$a151146705-47bibsys_network
=035  \\$a15g092266-47bibsys_nb
=040  \\$aNO-OsNB$bnob$ekatreg
=041  1\$hnob
=042  \\$anorbibl
=044  \\$cgb
=082  74$a839.823$qNO-OsNB$25/nor
=100  1\$aFossum, Karin$d1954-$4aut$0(NO-TrBIB)90608300
=245  14$aThe drowned boy$cKarin Fossum ; translated from the Norwegian by Kari Dickson
=246  1\$aCarmen Zita og døden$iOriginaltittel
=260  \\$aLondon$bHarvill Secker$ccop. 2015
=300  \\$a243 s.
=536  \\$aNORLA
=655  \7$aRomaner$0(uri)https://id.nb.no/vocabulary/ntsf/258$2ntsf
=700  1\$aDickson, Kari$d1966-$4trl$0(NO-TrBIB)12054336
=765  0\$aFossum, Karin$tCarmen Zita og døden :$w991320215364702201
=852  8\$b0030100$cg00005$hNA/A 2015:5220
=856  42$3Forlagets beskrivelse (kort)$uhttps://contents.bibs.aws.unit.no/?isbn=1846558549
=856  42$3Forlagets beskrivelse (kort)$uhttps://contents.bibs.aws.unit.no/?isbn=9781846558542
=856  42$3Forlagets beskrivelse (lang)$uhttps://contents.bibs.aws.unit.no/?isbn=1846558549
=856  42$3Forlagets beskrivelse (lang)$uhttps://contents.bibs.aws.unit.no/?isbn=9781846558542
=856  42$3Omslagsbilde$uhttps://contents.bibs.aws.unit.no/files/images/large/2/4/9781846558542.jpg$qimage/jpeg
=856  42$3Omslagsbilde$uhttps://contents.bibs.aws.unit.no/files/images/small/2/4/9781846558542.jpg$qimage/jpeg
=859  \\$a0030100$bg00005$cNA/A 2015:5220$f0$h0$x2015-10-31
=876  \\$a15g092266$d20150602$jkat$p15g092266$r15g092266$wBOOK$xKiP. 1 ex fra Cappelen Damm$z(h.) (Til bruk på NB Oslos lesesal)
=901  \\$a90
=913  \\$aNorbok$bNB
=913  \\$aNORLA$bNB
=960  \\$an$9LOCAL
=997  \\$an$9LOCAL

