=LDR  01416cam a2200421 c 4500
=001  991511738694702202
=005  20230601073906.0
=007  ta
=008  150806s2015\\\\xx\|||||||||||000|f|est|\
=014  1\$a151173869$b(NO-TrBIB)
=015  \\$a1523612$2nbf
=020  \\$a9789949525867$qh.
=035  \\$a(EXLNZ-47BIBSYS_NETWORK)991511738694702201
=035  \\$a(NO-TrBIB)151173869
=035  \\$a151173869-47bibsys_network
=035  \\$a15g093954-47bibsys_nb
=040  \\$aNO-OsNB$bnob$ekatreg
=041  1\$hnob
=042  \\$anorbibl
=044  \\$cee
=082  74$a839.823$qNO-OsNB$25/nor
=100  1\$aFossum, Karin$d1954-$4aut$0(NO-TrBIB)90608300
=245  10$aKättemaks$cKarin Fossum ; norra keelest tõlkinud Elvi Lumet
=246  1\$aHelvetesilden$iOriginaltittel
=260  \\$aTallinn$bEesti Raamat$ccop. 2015
=300  \\$a189 s.
=536  \\$aNORLA
=655  \7$aRomaner$0(uri)https://id.nb.no/vocabulary/ntsf/258$2ntsf
=700  1\$aLumet, Elvi$d1932-2021$4trl$0(NO-TrBIB)7035032
=765  0\$aFossum, Karin$tHelvetesilden$w991334555994702201
=852  8\$b0030100$cg00005$hNA/A 2015:6079
=859  \\$a0030100$bg00005$cNA/A 2015:6079$f0$h0$x2015-10-31
=876  \\$a15g093954$d20150605$jkat$p15g093954$r15g093954$wBOOK$xKiP. 2 ex fra Norla$z(h.) (Til bruk på NB Oslos lesesal)
=901  \\$a90
=913  \\$aNorbok$bNB
=913  \\$aNORLA$bNB
=960  \\$an$9local
=997  \\$an$9local

