=LDR  01767cam a2200457 c 4500
=001  991512316214702202
=005  20230601074023.0
=007  ta
=008  150831s2015\\\\no#|||||||||||000|f|nob|\
=014  1\$a151231621$b(NO-TrBIB)
=014  1\$a151231621$b(NO-TrBIB)
=015  \\$a1522175$2nbf
=020  \\$a9788202478605$qh.$cNkr 99.90
=035  \\$a(EXLNZ-47BIBSYS_NETWORK)991512316214702201
=035  \\$a(NO-TrBIB)151231621
=035  \\$a151231621-47bibsys_network
=035  \\$a15g097770-47bibsys_nb
=035  \\$a15g097773-47bibsys_nb
=040  \\$aNO-OsNB$bnob$ekatreg
=042  \\$anorbibl
=044  \\$cno
=082  74$a839.823$qNO-OsNB$25/nor
=100  1\$aFossum, Karin$d1954-$4aut$0(NO-TrBIB)90608300
=245  10$aSe deg ikke tilbake!$cKarin Fossum
=260  \\$a[Oslo]$bCappelen Damm$c2015
=300  \\$a272 s.
=490  1\$aEn Konrad Sejer-krim$v[2]
=500  \\$a1. utg. Oslo : Cappelen, 1996
=533  \\$aElektronisk reproduksjon$b[Norge]$cNasjonalbiblioteket Digital$d2019-09-18
=655  \7$aRomaner$0(uri)https://id.nb.no/vocabulary/ntsf/258$2ntsf
=800  1\$aFossum, Karin$tEn Konrad Sejer-krim$v2$d1954-$4aut
=852  8\$b0030100$cg00005$hNA/A 2015:6461
=852  8\$b0183334$cg00001$hc
=856  40$3$yNB Digital$uhttp://urn.nb.no/URN:NBN:no-nb_digibok_2019091807001$z
=856  41$3Fulltekst$uhttps://urn.nb.no/URN:NBN:no-nb_digibok_2019091807001$yNettbiblioteket$zDigital representasjon
=859  \\$a0030100$bg00005$cNA/A 2015:6461$f0$h0$x2015-10-31
=859  \\$a0183334$bg00001$cc$f0$h0$x2015-10-31
=876  \\$a15g097770$d20150616$jkat$p15g097770$r15g097770$wBOOK
=876  \\$a15g097773$d20150616$jkat$p15g097773$r15g097773$wBOOK$z(h.)(Til bruk på NB Oslos lesesal)
=901  \\$a90
=913  \\$aNorbok$bNB

