=LDR  01788cam a2200457 c 4500
=001  991514329614702202
=005  20230601074540.0
=007  ta
=008  150825s2015\\\\no\|||||||||||000|f|nob|\
=014  1\$a151432961$b(NO-TrBIB)
=014  1\$a151432961$b(NO-TrBIB)
=015  \\$a1524938$2nbf
=020  \\$a9788202478612$qh.$cNkr 99.90
=035  \\$a(EXLNZ-47BIBSYS_NETWORK)991514329614702201
=035  \\$a(NO-TrBIB)151432961
=035  \\$a151432961-47bibsys_network
=035  \\$a15g140822-47bibsys_nb
=035  \\$a15g140823-47bibsys_nb
=040  \\$aNO-OsNB$bnob$ekatreg
=042  \\$anorbibl
=044  \\$cno
=082  74$a839.823$qNO-OsNB$25/nor
=100  1\$aFossum, Karin$d1954-$4aut$0(NO-TrBIB)90608300
=245  10$aDen som frykter ulven$cKarin Fossum
=260  \\$a[Oslo]$bCappelen Damm$c2015
=300  \\$a252 s.
=490  1\$aEn Konrad Sejer-krim$v[3]
=500  \\$a1. utg. Oslo : Cappelen, 1997
=533  \\$aElektronisk reproduksjon$b[Norge]$cNasjonalbiblioteket Digital$d2021-02-08
=655  \7$aRomaner$0(uri)https://id.nb.no/vocabulary/ntsf/258$2ntsf
=800  1\$aFossum, Karin$d1954-$tEn Konrad Sejer-krim$v3$0(NO-TrBIB)90608300$4aut
=852  8\$b0030100$cg00005$hNA/A 2015:7039
=852  8\$b0183334$cg00001$hc
=856  40$3$yNB Digital$uhttp://urn.nb.no/URN:NBN:no-nb_digibok_2021011207745$z
=856  41$3Fulltekst$uhttps://urn.nb.no/URN:NBN:no-nb_digibok_2021011207745$yNettbiblioteket$zDigital representasjon
=859  \\$a0030100$bg00005$cNA/A 2015:7039$f0$h0$x2015-10-31
=859  \\$a0183334$bg00001$cc$f0$h0$x2015-10-31
=876  \\$a15g140822$d20150729$jkat$p15g140822$r15g140822$wBOOK
=876  \\$a15g140823$d20150729$jkat$p15g140823$r15g140823$wBOOK$z(h.)(Til bruk på NB Oslos lesesal)
=901  \\$a90
=913  \\$aNorbok$bNB

