=LDR  02057cam a2200481 c 4500
=001  991514527414702202
=005  20230601074611.0
=007  ta
=008  150814s2015\\\\xx#|||||||||||000|f|eng|\
=014  1\$a151452741$b(NO-TrBIB)
=015  \\$a1525448$2nbf
=020  \\$a9780099587255$qh.
=035  \\$a(EXLNZ-47BIBSYS_NETWORK)991514527414702201
=035  \\$a(NO-TrBIB)151452741
=035  \\$a151452741-47bibsys_network
=035  \\$a15g144920-47bibsys_nb
=040  \\$aNO-OsNB$bnob$ekatreg
=041  1\$hnob
=042  \\$anorbibl
=044  \\$cgb
=082  74$a839.823$qNO-OsNB$25/nor
=100  1\$aFossum, Karin$d1954-$4aut$0(NO-TrBIB)90608300
=245  14$aThe murder of Harriet Krohn$cKarin Fossum ; translated from the Norwegian by James Anderson
=246  1\$aDrapet på Harriet Krohn$iOriginaltittel
=260  \\$aLondon$bVintage$c2015
=300  \\$a297 s.
=655  \7$aRomaner$0(uri)https://id.nb.no/vocabulary/ntsf/258$2ntsf
=700  1\$aAnderson, James$4trl$0(NO-TrBIB)13060080
=765  0\$aFossum, Karin$tDrapet på Harriet Krohn$w990417281144702201
=852  8\$b0030100$cg00005$hNA/A 2015:6684
=856  42$3Forlagets beskrivelse (kort)$uhttps://contents.bibs.aws.unit.no/?isbn=0099587254
=856  42$3Forlagets beskrivelse (kort)$uhttps://contents.bibs.aws.unit.no/content/?isbn=9780099587255
=856  42$3Forlagets beskrivelse (lang)$uhttps://contents.bibs.aws.unit.no/?isbn=0099587254
=856  42$3Forlagets beskrivelse (lang)$uhttps://contents.bibs.aws.unit.no/content/?isbn=9780099587255
=856  42$3Omslagsbilde$uhttps://contents.bibs.aws.unit.no/files/images/large/5/5/9780099587255.jpg$qimage/jpeg
=856  42$3Omslagsbilde$uhttps://contents.bibs.aws.unit.no/files/images/small/5/5/9780099587255.jpg$qimage/jpeg
=859  \\$a0030100$bg00005$cNA/A 2015:6684$f0$h0$x2015-10-31
=876  \\$a15g144920$d20150805$jkat$p15g144920$r15g144920$wBOOK$xKiP$z(h.) (Til bruk på NB Oslos lesesal)
=901  \\$a90
=913  \\$aNorbok$bNB
=913  \\$aNORLA$bNB
=960  \\$an$9LOCAL
=997  \\$an$9LOCAL

