=LDR  01723cam a2200445 c 4500
=001  991516003924702202
=005  20230601074956.0
=007  ta
=008  151005s2015\\\\xx#|||||||||||000|f|eng|\
=014  1\$a151600392$b(NO-TrBIB)
=015  \\$a1530375$2nbf
=020  \\$a9780544483965$qib.
=035  \\$a(EXLNZ-47BIBSYS_NETWORK)991516003924702201
=035  \\$a(NO-TrBIB)151600392
=035  \\$a151600392-47bibsys_network
=035  \\$a15g155647-47bibsys_nb
=040  \\$aNO-OsNB$bnob$ekatreg
=041  1\$hnob
=042  \\$anorbibl
=044  \\$cus
=082  74$a839.823$qNO-OsNB$25/nor
=100  1\$aFossum, Karin$d1954-$4aut$0(NO-TrBIB)90608300
=245  14$aThe drowned boy$cKarin Fossum ; translated from the Norwegian by Kari Dickson
=246  1\$aCarmen Zita og døden$iOriginaltittel
=260  \\$aBoston, Mass.$bHoughton Mifflin Harcourt$c2015
=300  \\$a223 s.
=500  \\$aPå løst omslag: An Inspector Sejer mystery
=655  \7$aRomaner$0(uri)https://id.nb.no/vocabulary/ntsf/258$2ntsf
=700  1\$aDickson, Kari$d1966-$4trl$0(NO-TrBIB)12054336
=765  0\$aFossum, Karin$tCarmen Zita og døden :$w991320215364702201
=852  8\$b0030100$cg00005$hNA/A 2015:7854
=856  42$3Miniatyrbilde$uhttps://contents.bibs.aws.unit.no/files/images/small/5/6/9780544483965.jpg$qimage/jpeg
=856  42$3Omslagsbilde$uhttps://contents.bibs.aws.unit.no/files/images/large/5/6/9780544483965.jpg$qimage/jpeg
=859  \\$a0030100$bg00005$cNA/A 2015:7854$f0$h0$x2015-10-31
=876  \\$a15g155647$d20150916$jkat$p15g155647$r15g155647$wBOOK$xKiP$z(ib.) (Til bruk på NB Oslos lesesal)
=901  \\$a90
=913  \\$aNorbok$bNB
=913  \\$aNORLA$bNB
=960  \\$an$9LOCAL
=997  \\$an$9LOCAL

