=LDR  02076cam a2200445 c 4500
=001  991516047384702202
=005  20230601075012.0
=007  ta
=008  151014s2015\\\\no\|||||||||||000|p|nob|\
=014  1\$a151604738$b(NO-TrBIB)
=014  1\$a151604738$b(NO-TrBIB)
=020  \\$a978-82-02-49406-3$qib.$cNkr 289.00
=035  \\$a(EXLNZ-47BIBSYS_NETWORK)991516047384702201
=035  \\$a(NO-OsBA)0452226
=035  \\$a(NO-TrBIB)151604738
=035  \\$a151604738-47bibsys_network
=035  \\$a15g169458-47bibsys_nb
=035  \\$a15g169459-47bibsys_nb
=040  \\$aNO-OsNB$bnob$ekatreg
=082  04$a839.821$223/nor$qNO-OsNB
=100  1\$aFossum, Karin$d1954-$0(NO-TrBIB)90608300$4aut
=245  10$aVi som er døde :$bdikt$cKarin Fossum
=260  \\$a[Oslo]$bCappelen Damm$c2015
=300  \\$a48 s.
=533  \\$aElektronisk reproduksjon$b[Norge]$cNasjonalbiblioteket Digital$d2019-01-15
=655  \7$aDikt$0(uri)https://id.nb.no/vocabulary/ntsf/580$2ntsf
=852  8\$b0030100$cg00005$hNA/A 2015:9477
=852  8\$b0183334$cg00001$hb
=856  40$3$yNB Digital$uhttp://urn.nb.no/URN:NBN:no-nb_digibok_2019011577039$z
=856  41$3Fulltekst$uhttps://urn.nb.no/URN:NBN:no-nb_digibok_2019011577039$yNettbiblioteket$zDigital representasjon
=856  42$3Forlagets beskrivelse (kort)$uhttps://contents.bibs.aws.unit.no/?isbn=9788202494063
=856  42$3Forlagets beskrivelse (lang)$uhttps://contents.bibs.aws.unit.no/content/?isbn=9788202494063
=856  42$3Omslagsbilde$uhttps://contents.bibs.aws.unit.no/files/images/large/3/6/9788202494063.jpg$qimage/jpeg
=856  42$3Omslagsbilde$uhttps://contents.bibs.aws.unit.no/files/images/small/3/6/9788202494063.jpg$qimage/jpeg
=856  42$3Originalt bilde$uhttps://contents.bibs.aws.unit.no/files/images/original/3/6/9788202494063.jpg$qimage/jpeg
=859  \\$a0030100$bg00005$f4$h3$x2015-10-31
=859  \\$a0183334$bg00001$cb$f0$h0$x2015-10-31
=876  \\$a15g169458$d20151014$jmini$p15g169458$r15g169458$wBOOK
=876  \\$a15g169459$d20151014$jintern$p15g169459$r15g169459$wBOOK
=913  \\$aNorbok$bNB

