=LDR  01760cam a2200457 c 4500
=001  991516102584702202
=005  20230601075029.0
=007  ta
=008  150928s2015\\\\no#|||||||||||000|f|nob|\
=014  1\$a151610258$b(NO-TrBIB)
=014  1\$a151610258$b(NO-TrBIB)
=015  \\$a1528546$2nbf
=020  \\$a9788202478629$qh.$cNkr 99.90
=035  \\$a(EXLNZ-47BIBSYS_NETWORK)991516102584702201
=035  \\$a(NO-TrBIB)151610258
=035  \\$a151610258-47bibsys_network
=035  \\$a15g156475-47bibsys_nb
=035  \\$a15g156476-47bibsys_nb
=040  \\$aNO-OsNB$bnob$ekatreg
=042  \\$anorbibl
=044  \\$cno
=082  74$a839.823$qNO-OsNB$25/nor
=100  1\$aFossum, Karin$d1954-$4aut$0(NO-TrBIB)90608300
=245  10$aDjevelen holder lyset$cKarin Fossum
=260  \\$a[Oslo]$bCappelen Damm$c2015
=300  \\$a223 s.
=490  1\$aEn Konrad Sejer-krim
=500  \\$a1. utg. Oslo : Cappelen, 1998
=533  \\$aElektronisk reproduksjon$b[Norge]$cNasjonalbiblioteket Digital$d2020-06-17
=655  \7$aRomaner$0(uri)https://id.nb.no/vocabulary/ntsf/258$2ntsf
=800  1\$aFossum, Karin$tEn Konrad Sejer-krim$d1954-$4aut
=852  8\$b0030100$cg00005$hNA/A 2015:8126
=852  8\$b0183334$cg00001$hc
=856  40$3$yNB Digital$uhttp://urn.nb.no/URN:NBN:no-nb_digibok_2020012307123$z
=856  41$3Fulltekst$uhttps://urn.nb.no/URN:NBN:no-nb_digibok_2020012307123$yNettbiblioteket$zDigital representasjon
=859  \\$a0030100$bg00005$cNA/A 2015:8126$f0$h0$x2015-10-31
=859  \\$a0183334$bg00001$cc$f0$h0$x2015-10-31
=876  \\$a15g156475$d20150908$jkat$p15g156475$r15g156475$wBOOK
=876  \\$a15g156476$d20150908$jkat$p15g156476$r15g156476$wBOOK$z(h.)(Til bruk på NB Oslos lesesal)
=901  \\$a90
=913  \\$aNorbok$bNB

