=LDR  01625cam a2200457 c 4500
=001  991516881334702202
=005  20230601075240.0
=007  ta
=008  150929s2015\\\\xx#|||||||||||000|f|slo|\
=014  1\$a151688133$b(NO-TrBIB)
=015  \\$a1530284$2nbf
=020  \\$a9788081592348$qib.
=035  \\$a(EXLNZ-47BIBSYS_NETWORK)991516881334702201
=035  \\$a(NO-TrBIB)151688133
=035  \\$a151688133-47bibsys_network
=035  \\$a15g163207-47bibsys_nb
=040  \\$aNO-OsNB$bnob$ekatreg
=041  1\$hnob
=042  \\$anorbibl
=044  \\$csk
=082  74$a839.823$qNO-OsNB$25/nor
=100  1\$aFossum, Karin$d1954-$4aut$0(NO-TrBIB)90608300
=245  10$aKed' diabol svieti na cestu$cKarin Fossum ; [translation: Zuzana Demjánová]
=246  1\$aDjevelen holder lyset$iOriginaltittel
=260  \\$a[Bratislava]$bPremedia$c2015
=300  \\$a225 s.
=490  1\$aEdícia Labyrint$v12
=500  \\$aPå smusstittelbladet og løst omslag: Tie najlepšie detektivky Inšpektor Sejer
=536  \\$aNORLA
=655  \7$aRomaner$0(uri)https://id.nb.no/vocabulary/ntsf/258$2ntsf
=700  1\$aDemjánová, Zuzana$4trl$0(NO-TrBIB)14003157
=765  0\$aFossum, Karin$tDjevelen holder lyset :$w999816816034702201
=830  \0$aEdícia Labyrint$v12
=852  8\$b0030100$cg00005$hNA/A 2015:8223
=859  \\$a0030100$bg00005$cNA/A 2015:8223$f0$h0$x2015-10-31
=876  \\$a15g163207$d20150928$jkat$p15g163207$r15g163207$wBOOK$xKiP. 1 x fra Cappelen Damm$z(ib.) (Til bruk på NB Oslos lesesal)
=901  \\$a90
=913  \\$aNorbok$bNB
=913  \\$aNORLA$bNB
=960  \\$an$9LOCAL
=997  \\$an$9LOCAL

