=LDR  01571cam a2200361 c 4500
=001  991517281274702202
=005  20230601075338.0
=007  cr\|||||||||||
=008  151022s2015\\\\no#|||||o|||||000|p|nob|\
=015  \\$a1532737$2nbf
=020  \\$a9788202502515$cNkr 199.00
=035  \\$a(EXLNZ-47BIBSYS_NETWORK)991517281274702201
=035  \\$a(NO-OsBA)0455875
=035  \\$a(NO-TrBIB)151728127
=035  \\$a151728127-47bibsys_network
=040  \\$aNO-OsNB$bnob$ekatreg
=042  \\$anorbibl
=044  \\$cno
=082  04$a839.821$qNO-OsNB$223/nor
=100  1\$aFossum, Karin$d1954-$4aut$0(NO-TrBIB)90608300
=245  10$aVi som er døde :$bdikt$cKarin Fossum$h[elektronisk ressurs]
=260  \\$aOslo$bCappelen Damm$c2015
=300  \\$a1 fil$bEPUB
=500  \\$aTittel fra tittelskjermbildet
=655  \7$aDikt$0(uri)https://id.nb.no/vocabulary/ntsf/580$2ntsf
=856  40$3$yNB Digital$uhttp://urn.nb.no/URN:NBN:no-nb_digiebok_13611$zTilgjengelig på NBs lesesal
=856  42$3Forlagets beskrivelse (kort)$uhttps://contents.bibs.aws.unit.no/?isbn=9788202502515
=856  42$3Forlagets beskrivelse (lang)$uhttps://contents.bibs.aws.unit.no/content/?isbn=9788202502515
=856  42$3Omslagsbilde$uhttps://contents.bibs.aws.unit.no/files/images/large/5/1/9788202502515.jpg$qimage/jpeg
=856  42$3Omslagsbilde$uhttps://contents.bibs.aws.unit.no/files/images/small/5/1/9788202502515.jpg$qimage/jpeg
=856  42$3Originalt bilde$uhttps://contents.bibs.aws.unit.no/files/images/original/5/1/9788202502515.jpg$qimage/jpeg
=901  \\$a90
=913  \\$aNorbok$bNB

