=LDR  01617cam a2200409 c 4500
=001  991518233594702202
=005  20230601075622.0
=007  ta
=008  151026s2015\\\\no\|||||||||||000|f|nob|\
=014  1\$a151823359$b(NO-TrBIB)
=014  1\$a151823359$b(NO-TrBIB)
=020  \\$a978-82-02-47863-6$qh.$cNkr 99.90
=035  \\$a(EXLNZ-47BIBSYS_NETWORK)991518233594702201
=035  \\$a(NO-TrBIB)151823359
=035  \\$a151823359-47bibsys_network
=035  \\$a15g174209-47bibsys_nb
=035  \\$a15g174212-47bibsys_nb
=040  \\$aNO-OsNB$bnob$ekatreg
=082  04$a839.823$223/nor$qNO-OsNB
=100  1\$aFossum, Karin$d1954-$0(NO-TrBIB)90608300$4aut
=245  10$aElskede Poona$cKarin Fossum
=260  \\$a[Oslo]$bCappelen Damm$c2015
=300  \\$a271 s.
=490  1\$aEn Konrad Sejer-krim
=500  \\$a1. utg. Oslo : Cappelen, 2000
=533  \\$aElektronisk reproduksjon$b[Norge]$cNasjonalbiblioteket Digital$d2019-08-12
=655  \7$aRomaner$0(uri)https://id.nb.no/vocabulary/ntsf/258$2ntsf
=800  1\$aFossum, Karin$d1954-$tEn Konrad Sejer-krim$4aut
=852  8\$b0030100$cg00005$hNA/A 2015:9329
=852  8\$b0183334$cg00001$hc
=856  40$3$yNB Digital$uhttp://urn.nb.no/URN:NBN:no-nb_digibok_2019081207094$z
=856  41$3Fulltekst$uhttps://urn.nb.no/URN:NBN:no-nb_digibok_2019081207094$yNettbiblioteket$zDigital representasjon
=859  \\$a0030100$bg00005$f4$h3$x2015-10-31
=859  \\$a0183334$bg00001$cc$f0$h0$x2015-10-31
=876  \\$a15g174209$d20151026$jmini$p15g174209$r15g174209$wBOOK
=876  \\$a15g174212$d20151026$jintern$p15g174212$r15g174212$wBOOK
=913  \\$aNorbok$bNB

