=LDR  01752cam a2200457 c 4500
=001  999210420274702202
=005  20230601083242.0
=007  cr||||||||||||
=007  ta
=008  150423s1974\\\\no#|||||\|||||000|p|nob|d
=014  1\$a921042027$b(NO-TrBIB)
=014  1\$a921042027$b(NO-TrBIB)
=015  \\$a7403327$2nbf
=020  \\$a8205067759$qh.
=035  \\$a(EXLNZ-47BIBSYS_NETWORK)999210420274702201
=035  \\$a(NO-TrBIB)130607312
=035  \\$a(NO-TrBIB)921042027
=035  \\$a15g018438-47bibsys_nb
=035  \\$a15g083341-47bibsys_nb
=035  \\$a921042027-47bibsys_network
=040  \\$aNO-TrBIB$bnob$ekatreg
=044  \\$cno
=082  04$a839.82$qNoOU$223
=082  74$a 839.91$qNO-OsNB$23/nor
=100  1\$aFossum, Karin$d1954-$0(NO-TrBIB)90608300
=245  10$aKanskje i morgen :$bfra en institusjon for psykisk utviklingshemmede : dikt$cKarin Mathisen
=260  \\$aOslo$bGyldendal$c1974
=300  \\$a52 s.
=533  \\$aElektronisk reproduksjon$b[Norge]$cNasjonalbiblioteket Digital$d2013-02-08
=653  \\$adikt$apsykisk$autviklingshemmede$askjønnlitteratur$alyrikk
=655  \7$aDikt$0(uri)https://id.nb.no/vocabulary/ntsf/580$2ntsf
=852  8\$b0030100$cg00005$hSe kortkatalogen
=852  8\$b0183334$cg00001$hb
=856  40$3$yNB Digital$uhttp://urn.nb.no/URN:NBN:no-nb_digibok_2012112808073$z
=856  41$3Fulltekst$uhttps://urn.nb.no/URN:NBN:no-nb_digibok_2012112808073$yNettbiblioteket$zDigital representasjon
=859  \\$a0030100$bg00005$cSe kortkatalogen$f0$h0$x2015-10-31
=859  \\$a0183334$bg00001$cb$f0$h0$x2015-10-31
=876  \\$a15g018438$d20150218$jmini$p15g018438$r15g018438$wBOOK$xGHY
=876  \\$a15g083341$jkat$p15g083341$r15g083341$wBOOK
=901  \\$a80
=913  \\$aNorbok$bNB

