=LDR  02122cam a2200529 c 4500
=001  999214155834702202
=005  20231202055436.0
=007  cr||||||||||||
=007  ta
=008  141120s1992\\\\no#|||||\|||||000|1|nob|d
=014  1\$a921415583$b(NO-TrBIB)
=014  1\$a921415583$b(NO-TrBIB)
=014  1\$a921415583$b(NO-TrBIB)
=015  \\$a9201146$2nbf
=020  \\$a8202137276$qib.$cNkr 198.00
=035  \\$a(EXLNZ-47BIBSYS_NETWORK)999214155834702201
=035  \\$a(NO-TrBIB)092264778
=035  \\$a(NO-TrBIB)921415583
=035  \\$a921415583-47bibsys_network
=035  \\$a92gn06920-47bibsys_nb
=035  \\$a92gn06921-47bibsys_nb
=035  \\$a92sa11026-47bibsys_nb
=040  \\$aNO-TrBIB$bnob$ekatreg
=044  \\$cno
=082  04$a839.82$223
=082  74$a839.823$qNO-OsNB$24/nor
=100  1\$aFossum, Karin$d1954-$0(NO-TrBIB)90608300
=245  10$aI et annet lys :$bnoveller$cKarin Fossum
=260  \\$a[Oslo]$bCappelen$c1992
=300  \\$a105 s.$c22 cm
=533  \\$aElektronisk reproduksjon$b[Norge]$cNasjonalbiblioteket Digital$d2007-09-17
=653  \\$askjønnlitteratur/voksen
=852  8\$b0030100$cg00005$hNA/A 1992:4547
=852  8\$b0030100$cg00005$hNA/A 1992:4548
=852  8\$b0183334$cg00001
=856  40$3$yNB Digital$uhttp://urn.nb.no/URN:NBN:no-nb_digibok_2007091701061$z
=856  41$3Fulltekst$uhttps://urn.nb.no/URN:NBN:no-nb_digibok_2007091701061$yNettbiblioteket$zDigital representasjon
=856  42$3Forlagets beskrivelse (lang)$uhttps://contents.bibs.aws.unit.no/?isbn=8202137276
=856  42$3Forlagets beskrivelse (lang)$uhttps://contents.bibs.aws.unit.no/content/?isbn=9788202137274
=859  \\$a0030100$bg00005$cNA/A 1992:4547$f0$h0$x2015-10-31
=859  \\$a0030100$bg00005$cNA/A 1992:4548$f0$h0$x2015-10-31
=859  \\$a0183334$bg00001$f0$h0$x2015-10-31
=876  \\$a92gn06920$jkat$p92gn06920$r92gn06920$wBOOK$z(ib.) Ikke til hjemlån
=876  \\$a92gn06921$jkat$p92gn06921$r92gn06921$wBOOK$z(ib.) Ikke til hjemlån
=876  \\$a92sa11026$d19920824$jkat$p92sa11026$r92sa11026$wBOOK$z(Sikringseksemplar.)
=901  \\$a80
=913  \\$aNorbok$bNB

