=LDR  01342cam a2200385 c 4500
=001  999214943514702202
=005  20230330094204.0
=007  cr||||||||||||
=007  ta
=008  140120s1978\\\\no#|||||\|||||000|1|nob|d
=014  1\$a921494351$b(NO-TrBIB)
=015  \\$a7801911$2nbf
=020  \\$a8205112363$qh.$cNkr 37.00
=035  \\$a(EXLNZ-47BIBSYS_NETWORK)999214943514702201
=035  \\$a(NO-TrBIB)123872685
=035  \\$a(NO-TrBIB)921494351
=035  \\$a15g048284-47bibsys_nb
=035  \\$a921494351-47bibsys_network
=040  \\$aNO-TrBIB$bnob$ekatreg
=044  \\$cno
=080  \\$a839.6
=082  74$a 839.91$qNO-OsNB$23/nor
=100  1\$aFossum, Karin$d1954-$0(NO-TrBIB)90608300
=245  10$aMed ansiktet i skygge :$bdikt$cKarin Mathisen
=260  \\$aOslo$bGyldendal$c1978
=300  \\$a54 s.
=533  \\$aElektronisk reproduksjon$b[Norge]$cNasjonalbiblioteket Digital$d2012-12-07
=653  \\$adikt
=852  8\$b0030100$cg00005$hSe kortkatalogen
=856  40$3$yNB Digital$uhttp://urn.nb.no/URN:NBN:no-nb_digibok_2012110706225$z
=856  41$3Fulltekst$uhttps://urn.nb.no/URN:NBN:no-nb_digibok_2012110706225$yNettbiblioteket$zDigital representasjon
=859  \\$a0030100$bg00005$cSe kortkatalogen$f0$h0$x2015-10-31
=876  \\$a15g048284$jkat$p15g048284$r15g048284$wBOOK
=901  \\$a80
=913  \\$aNorbok$bNB

