=LDR  01877cam a2200493 c 4500
=001  999424013014702202
=005  20231203055249.0
=007  cr||||||||||||
=007  ta
=008  150605s1994\\\\no#|||||\|||||000|1|nob|\
=014  1\$a942401301$b(NO-TrBIB)
=014  1\$a942401301$b(NO-TrBIB)
=015  \\$a9409070$2nbf
=020  \\$a8202147921$qib.$cNkr 198.00
=035  \\$a(EXLNZ-47BIBSYS_NETWORK)999424013014702201
=035  \\$a(NO-TrBIB)091984025
=035  \\$a(NO-TrBIB)942401301
=035  \\$a942401301-47bibsys_network
=035  \\$a94ga16121-47bibsys_nb
=035  \\$a94sa15053-47bibsys_nb
=040  \\$aNO-OsNB$bnob$ekatreg
=042  \\$anorbibl
=044  \\$cno
=082  04$a839.82$223
=082  74$a839.823$qNO-OsNB$24/nor
=084  \\$aS 4 Fossum, Karin$2oosk
=100  1\$aFossum, Karin$d1954-
=245  10$aSøylen :$bnoveller$cKarin Fossum
=260  \\$a[Oslo]$bCappelen$c1994
=300  \\$a112 s.
=533  \\$aElektronisk reproduksjon$b[Norge]$cNasjonalbiblioteket Digital$d2008-02-08
=653  \\$askjønnlitteratur/voksen
=852  8\$b0030100$cg00005$hNA/A 1994:6980
=852  8\$b0183334$cg00001
=856  40$3$yNB Digital$uhttp://urn.nb.no/URN:NBN:no-nb_digibok_2008020804077$z
=856  41$3Fulltekst$uhttps://urn.nb.no/URN:NBN:no-nb_digibok_2008020804077$yNettbiblioteket$zDigital representasjon
=856  42$3Forlagets beskrivelse (lang)$uhttps://contents.bibs.aws.unit.no/?isbn=8202147921
=856  42$3Forlagets beskrivelse (lang)$uhttps://contents.bibs.aws.unit.no/content/?isbn=9788202147921
=859  \\$a0030100$bg00005$cNA/A 1994:6980$f0$h0$x2015-10-31
=859  \\$a0183334$bg00001$f0$h0$x2015-10-31
=876  \\$a94ga16121$jkat$p94ga16121$r94ga16121$wBOOK$z(ib.) Ikke til hjemlån
=876  \\$a94sa15053$d19940922$jkat$p94sa15053$r94sa15053$wBOOK$z(Sikringseksemplar.)
=901  \\$a90
=913  \\$aNorbok$bNB

