=LDR  01911cam a2200481 c 4500
=001  999431948904702202
=005  20230331101658.0
=007  cr||||||||||||
=007  ta
=008  140315s1994\\\\no#|||||\|||||000|1|nob|\
=014  1\$a94319489x$b(NO-TrBIB)
=014  1\$a94319489x$b(NO-TrBIB)
=015  \\$a9510648$2nbf
=020  \\$a8202152259$qh.
=035  \\$a(EXLNZ-47BIBSYS_NETWORK)999431948904702201
=035  \\$a(NO-TrBIB)141589477
=035  \\$a(NO-TrBIB)94319489x
=035  \\$a94319489x-47bibsys_network
=035  \\$a94sa21976-47bibsys_nb
=035  \\$a95ga15832-47bibsys_nb
=040  \\$aNO-OsNB$bnob$ekatreg
=042  \\$anorbibl
=044  \\$cno
=082  74$a839.823008$qNO-OsNB$24/nor
=245  00$aNoveller
=260  \\$a[Oslo]$bCappelen$c1994
=300  \\$a69 s.$bill.
=505  0\$aSkallene / Ingvar Ambjørnsen. Søylen / Karin Fossum. Fødselen / Nils Horvei. Oversettelsen / Roy Jacobsen
=533  \\$aElektronisk reproduksjon$b[Norge]$cNasjonalbiblioteket Digital$d2015-11-05
=700  12$aAmbjørnsen, Ingvar$d1956-$tSkallene$0(NO-TrBIB)90091643
=700  12$aFossum, Karin$d1954-$tSøylen$0(NO-TrBIB)90608300
=700  12$aHorvei, Nils$d1956-$tFødselen$0(NO-TrBIB)90396484
=700  12$aJacobsen, Roy$d1954-$tOversettelsen$0(NO-TrBIB)90114443
=852  8\$b0030100$cg00005$hNA/A 1995:5143
=852  8\$b0183334$cg00001
=856  40$3$yNB Digital$uhttp://urn.nb.no/URN:NBN:no-nb_digibok_2014022008116$z
=856  41$3Fulltekst$uhttps://urn.nb.no/URN:NBN:no-nb_digibok_2014022008116$yNettbiblioteket$zDigital representasjon
=859  \\$a0030100$bg00005$cNA/A 1995:5143$f0$h0$x2015-10-31
=859  \\$a0183334$bg00001$f0$h0$x2015-10-31
=876  \\$a94sa21976$d19941220$jkat$p94sa21976$r94sa21976$wBOOK$z(Sikringseksemplar.)
=876  \\$a95ga15832$jkat$p95ga15832$r95ga15832$wBOOK$z(h.) Til bruk på NB Oslos lesesal
=901  \\$a90
=913  \\$aNorbok$bNB

