=LDR  03303cam a2200733 c 4500
=001  999523438194702202
=005  20231213045657.0
=007  cr||||||||||||
=007  ta
=008  150112s1995\\\\no\||||e\|||||000|f|nob|\
=014  1\$a952343819$b(NO-TrBIB)
=014  1\$a952343819$b(NO-TrBIB)
=014  1\$a952343819$b(NO-TrBIB)
=015  \\$a9512609$2nbf
=020  \\$a82-02-14993-2$qCappelens bokklubb
=020  \\$a82-02-15853-2$cNkr 279.00
=035  \\$a(EXLNZ-47BIBSYS_NETWORK)999523438194702201
=035  \\$a(NO-TrBIB)09201299x
=035  \\$a(NO-TrBIB)952343819
=035  \\$a952343819-47bibsys_network
=035  \\$a95ga21623-47bibsys_nb
=035  \\$a95sa19525-47bibsys_nb
=035  \\$a96ga01132-47bibsys_nb
=040  \\$aNO-OsNB$bnob$ekatreg
=042  \\$anorbibl
=044  \\$cno
=082  74$a839.823$qNO-OsNB$24/nor
=100  1\$aFossum, Karin$d1954-$4aut$0(NO-TrBIB)90608300
=245  10$aEvas øye :$bkriminalroman$cKarin Fossum
=260  \\$a[Oslo]$bCappelen$c1995
=300  \\$a295 s.
=500  \\$aOpplagshistorikk:  2. oppl. 1995
=533  \\$aElektronisk reproduksjon$b[Norge]$cNasjonalbiblioteket Digital$d2008-02-22
=653  \\$askjønnlitteratur$akriminal$anorsk$akrim/spenning$a1990-talletkriminalromaner
=655  \4$aKriminal
=655  \7$aRomaner$0(uri)https://id.nb.no/vocabulary/ntsf/258$2ntsf
=767  0\$6880-01$tIna dya ḍārkanēsa$w991506859204702201$z9789849121312
=767  0\$6880-02$tJarima fi al-zalam$w999921667269002201$z9789773197377
=767  0\$aFossum, Karin$tEl ojo de Eva /$w999920150847802201
=767  0\$aFossum, Karin$tEva's eye$w991329823664702201
=767  0\$aFossum, Karin$tEvino oko$w991400861374702201
=767  0\$aFossum, Karin$tIn the darkness$w991225530634702201
=767  0\$aFossum, Karin$tIn the darkness$w991323464194702201
=767  0\$aFossum, Karin$tVo mrakot$w999920447978302201
=767  0\$tEl ojo de Eva$w999921679651702201$z978-84-9908-350-6
=767  0\$tEvino oko$w999921333194002201$z978-953-362-008-4
=880  0\$6767-01/Deva$tইন দ্য ডার্কনেস$w991506859204702201$z9789849121312
=880  0\$6767-02/(3/r$tجريمة في الظلام$w999921667269002201$z9789773197377
=852  8\$b0030100$cg00005$hNA/A 1995:7580
=852  8\$b0030100$cg00005$hNA/A 1996:233
=852  8\$b0183334$cg00001
=856  40$3$yNB Digital$uhttp://urn.nb.no/URN:NBN:no-nb_digibok_2008022200071$z
=856  41$3Fulltekst$uhttps://urn.nb.no/URN:NBN:no-nb_digibok_2008022200071$yNettbiblioteket$zDigital representasjon
=856  42$3Forlagets beskrivelse (lang)$uhttps://contents.bibs.aws.unit.no/?isbn=8202158532
=856  42$3Forlagets beskrivelse (lang)$uhttps://contents.bibs.aws.unit.no/content/?isbn=9788202158538
=859  \\$a0030100$bg00005$cNA/A 1995:7580$f0$h0$x2015-10-31
=859  \\$a0030100$bg00005$cNA/A 1996:233$f0$h0$x2015-10-31
=859  \\$a0183334$bg00001$f0$h0$x2015-10-31
=876  \\$a95ga21623$jkat$p95ga21623$r95ga21623$wBOOK$z(ib.) Til bruk på NB Oslos lesesal
=876  \\$a95sa19525$d19951103$jkat$p95sa19525$r95sa19525$wBOOK$z(Sikringseksemplar.)
=876  \\$a96ga01132$jkat$p96ga01132$r96ga01132$wBOOK$z(ib.) (2. oppl. 1995) Til bruk på NB Oslos lesesl
=901  \\$a90
=913  \\$aNorbok$bNB
=913  \\$aNORLA$bNB

