=LDR  02647cam a2200613 c 4500
=001  999609024224702202
=005  20230801140605.0
=007  cr||||||||||||
=007  ta
=008  150112s1996\\\\no\|||||\|||||000|1|nob|\
=014  1\$a960902422$b(NO-TrBIB)
=014  1\$a960902422$b(NO-TrBIB)
=015  \\$a9608963$2nbf
=020  \\$a8202158885$qib.$qCappelen$cNkr 279.00
=020  \\$a8257411418$qib.$qBokklubben nye bøker
=035  \\$a(EXLNZ-47BIBSYS_NETWORK)999609024224702201
=035  \\$a(NO-TrBIB)091999405
=035  \\$a(NO-TrBIB)960902422
=035  \\$a960902422-47bibsys_network
=035  \\$a96ga09485-47bibsys_nb
=035  \\$a96sa09435-47bibsys_nb
=040  \\$aNO-OsNB$bnob$ekatreg
=042  \\$anorbibl
=044  \\$cno
=082  74$a839.823$qNO-OsNB$24/nor
=084  \\$aS 4 Fossum, Karin$2oosk
=100  1\$aFossum, Karin$d1954-$0(NO-TrBIB)90608300$4aut
=245  10$aSe deg ikke tilbake! :$bkriminalroman$cKarin Fossum
=260  \\$a[Oslo]$bCappelen$c1996
=300  \\$a275 s.
=533  \\$aElektronisk reproduksjon$b[Norge]$cNasjonalbiblioteket Digital$d2008-07-08
=653  \\$aroman$askjønnlitteratur$akriminalromaner$anorsk$akrim/spenning$a1990-tallet
=655  \4$aKriminal
=767  0\$6880-01$tJarima djalissa al-atfal$w99992191086850220$z9789773197681
=767  0\$aFossum, Karin$tDon't look back$b1st Harvest ed.$w990604192024702201
=767  0\$aFossum, Karin$tDon't look back$w991339871404702201
=767  0\$aFossum, Karin$tNe pogleždaj nazad$w991209142804702201
=767  0\$aFossum, Karin$tNeobzeraj sa$w991426592584702201
=767  0\$aFossum, Karin$tNo mires atrás$w999920333584702201
=767  0\$aFossum, Karin$tSe dig inte om!$w999906260594702201
=767  0\$tNe osvrći se$w999920631243202201$z978-86-7963-466-5
=880  0\$6767-01/(3/r$tجريمة جليسة الأطفال$w99992191086850220$z9789773197681
=852  8\$b0030100$cg00005$hNA/A 1996:3545
=852  8\$b0183334$cg00001
=856  40$3$yNB Digital$uhttp://urn.nb.no/URN:NBN:no-nb_digibok_2008070804059$z
=856  41$3Fulltekst$uhttps://urn.nb.no/URN:NBN:no-nb_digibok_2008070804059$yNettbiblioteket$zDigital representasjon
=856  42$3Forlagets beskrivelse (lang)$uhttps://contents.bibs.aws.unit.no/?isbn=8202158885
=859  \\$a0030100$bg00005$cNA/A 1996:3545$f0$h0$x2015-10-31
=859  \\$a0183334$bg00001$f0$h0$x2015-10-31
=876  \\$a96ga09485$d19960605$jkat$p96ga09485$r96ga09485$wBOOK$z(ib.) Til bruk på NB Oslos lesesal
=876  \\$a96sa09435$d19960528$jkat$p96sa09435$r96sa09435$wBOOK$z(Sikringseksemplar.)
=901  \\$a90
=913  \\$aNorbok$bNB
=913  \\$aNORLA$bNB

