=LDR  03972cam a2200889 c 4500
=001  999615058504702202
=005  20231228055122.0
=007  cr||||||||||||
=007  ta
=008  150312s1996\\\\no#|||||\|||||000|1|nob|\
=014  1\$a961505850$b(NO-TrBIB)
=014  1\$a961505850$b(NO-TrBIB)
=014  1\$a961505850$b(NO-TrBIB)
=014  1\$a961505850$b(NO-TrBIB)
=014  1\$a961505850$b(NO-TrBIB)
=014  1\$a961505850$b(NO-TrBIB)
=014  1\$a961505850$b(NO-TrBIB)
=014  1\$a961505850$b(NO-TrBIB)
=015  \\$a9610609$2nbf
=020  \\$a8202159334$qh.$cNkr 59.00
=035  \\$a(EXLNZ-47BIBSYS_NETWORK)999615058504702201
=035  \\$a(NO-TrBIB)092488552
=035  \\$a(NO-TrBIB)961505850
=035  \\$a00ga14860-47bibsys_nb
=035  \\$a961505850-47bibsys_network
=035  \\$a96ga13759-47bibsys_nb
=035  \\$a96sa15365-47bibsys_nb
=035  \\$a97ga13050-47bibsys_nb
=035  \\$a97ga13051-47bibsys_nb
=035  \\$a97ga14440-47bibsys_nb
=035  \\$a98ga03722-47bibsys_nb
=035  \\$a99ga05864-47bibsys_nb
=040  \\$aNO-OsNB$bnob$ekatreg
=041  1\$heng
=042  \\$anorbibl
=044  \\$cno
=082  74$a839.823$qNO-OsNB$24/nor
=100  1\$aFossum, Karin$d1954-
=245  10$aEvas øye$cKarin Fossum
=260  \\$a[Oslo]$bCappelen$c1996
=300  \\$a295 s.
=490  1\$aCap spenningens mestere
=500  \\$a1. utg. 1995
=500  \\$aOpplagshistorikk:  Denne utg., 2.-3. oppl. 1996; 4. oppl. 1997; 5. oppl.  1998 (Nkr 69.00); 6. oppl. 1999; 7. oppl. 2000; 8. oppl.  2002 (Nkr 89.00)
=533  \\$aElektronisk reproduksjon$b[Norge]$cNasjonalbiblioteket Digital$d2008-06-20
=653  \\$anorsk-litteratur
=830  \0$aCap spenningens mestere
=852  8\$b0030100$cg00005$hNA/A 1996:5348
=852  8\$b0030100$cg00005$hNA/A 1997:4693
=852  8\$b0030100$cg00005$hNA/A 1997:4694
=852  8\$b0030100$cg00005$hNA/A 1997:5166
=852  8\$b0030100$cg00005$hNA/A 1998:1220
=852  8\$b0030100$cg00005$hNA/A 1999:1817
=852  8\$b0030100$cg00005$hNA/A 2000:4597
=852  8\$b0183334$cg00001
=856  40$3$yNB Digital$uhttp://urn.nb.no/URN:NBN:no-nb_digibok_2008062004048$z
=856  41$3Fulltekst$uhttps://urn.nb.no/URN:NBN:no-nb_digibok_2008062004048$yNettbiblioteket$zDigital representasjon
=856  42$3Forlagets beskrivelse (lang)$uhttps://contents.bibs.aws.unit.no/?isbn=8202159334
=856  42$3Forlagets beskrivelse (lang)$uhttps://contents.bibs.aws.unit.no/content/?isbn=9788202159337
=859  \\$a0030100$bg00005$cNA/A 1996:5348$f0$h0$x2015-10-31
=859  \\$a0030100$bg00005$cNA/A 1997:4693$f0$h0$x2015-10-31
=859  \\$a0030100$bg00005$cNA/A 1997:4694$f0$h0$x2015-10-31
=859  \\$a0030100$bg00005$cNA/A 1997:5166$f0$h0$x2015-10-31
=859  \\$a0030100$bg00005$cNA/A 1998:1220$f0$h0$x2015-10-31
=859  \\$a0030100$bg00005$cNA/A 1999:1817$f0$h0$x2015-10-31
=859  \\$a0030100$bg00005$cNA/A 2000:4597$f0$h0$x2015-10-31
=859  \\$a0183334$bg00001$f0$h0$x2015-10-31
=876  \\$a00ga14860$jkat$p00ga14860$r00ga14860$wBOOK$z(h.) (7. oppl. 2000) (Til bruk på NB Oslos lesesal)
=876  \\$a96ga13759$d19960830$jkat$p96ga13759$r96ga13759$wBOOK$z(h.) Til bruk på NB Oslos lesesal
=876  \\$a96sa15365$d19960828$jkat$p96sa15365$r96sa15365$wBOOK$z(Sikringseksemplar.)
=876  \\$a97ga13050$d19970915$jkat$p97ga13050$r97ga13050$wBOOK$z(h.) (2. oppl. 1996) (Til bruk på NB Oslos lesesal
=876  \\$a97ga13051$d19970915$jkat$p97ga13051$r97ga13051$wBOOK$z(h.) (3. oppl. 1996) (Til bruk på NB Oslos lesesal)
=876  \\$a97ga14440$d19971008$jkat$p97ga14440$r97ga14440$wBOOK$z(h.) (4. oppl. 1997) (Til bruk på NB Oslos lesesal)
=876  \\$a98ga03722$d19980304$jkat$p98ga03722$r98ga03722$wBOOK$z(h.) (5. oppl. 1998) (Til bruk på NB Oslos lesesal)
=876  \\$a99ga05864$d19990325$jkat$p99ga05864$r99ga05864$wBOOK$z(h.) (6. oppl. 1999) (Til bruk på NB Oslos lesesal)
=901  \\$a90
=913  \\$aNorbok$bNB

