=LDR  01505cam a2200421 c 4500
=001  999705159364702202
=005  20160622164323.0
=007  ta
=008  110826s1997\\\\no#|||||||||||000|1|nob|\
=014  1\$a970515936$b(NO-TrBIB)
=014  1\$a970515936$b(NO-TrBIB)
=015  \\$a9708300$2nbf
=020  \\$a8202167132$qib.$cNkr 98.00
=035  \\$a(EXLNZ-47BIBSYS_NETWORK)999705159364702201
=035  \\$a(NO-TrBIB)970515936
=035  \\$a970515936-47bibsys_network
=035  \\$a97ga07414-47bibsys_nb
=035  \\$a97sa03813-47bibsys_nb
=040  \\$aNO-OsNB$bnob$ekatreg
=042  \\$anorbibl
=044  \\$cno
=082  74$a839.823$qNO-OsNB$24/nor
=100  1\$aFossum, Karin$d1954-$0(NO-TrBIB)90608300
=245  10$aEvas øye ; Se deg ikke tilbake!$cKarin Fossum
=260  \\$a[Oslo]$bCappelen$bI samarbeid med bokhandlerkjeden Interbok$c1997
=300  \\$a295, 275 s.
=500  \\$a1. utg. henholdsvis 1995 og 1996
=500  \\$aUndertittel: Kriminalromaner
=740  0\$aEvas øye
=740  0\$aSe deg ikke tilbake!
=852  8\$b0030100$cg00005$hNA/A 1997:2987
=852  8\$b0183334$cg00001
=859  \\$a0030100$bg00005$cNA/A 1997:2987$f0$h0$x2015-10-31
=859  \\$a0183334$bg00001$f0$h0$x2015-10-31
=876  \\$a97ga07414$d19970516$jkat$p97ga07414$r97ga07414$wBOOK$z(ib.) (Til bruk på NB Oslos lesesal)
=876  \\$a97sa03813$d19970227$jkat$p97sa03813$r97sa03813$wBOOK$xFlere kan ikke skaffes. 15.06.98 T.M.J.$z(Sikringseksemplar.)
=901  \\$a90
=913  \\$aNorbok$bNB

