=LDR  03241cam a2200757 c 4500
=001  999705762934702202
=005  20230401072951.0
=007  cr||||||||||||
=007  ta
=008  150107s1997\\\\no#|||||\|||||000|1|nob|\
=014  1\$a970576293$b(NO-TrBIB)
=014  1\$a970576293$b(NO-TrBIB)
=014  1\$a970576293$b(NO-TrBIB)
=014  1\$a970576293$b(NO-TrBIB)
=014  1\$a970576293$b(NO-TrBIB)
=014  1\$a970576293$b(NO-TrBIB)
=015  \\$a9706716$2nbf
=020  \\$a8202167159$qh.$cNkr 59.00
=035  \\$a(EXLNZ-47BIBSYS_NETWORK)999705762934702201
=035  \\$a(NO-TrBIB)092757979
=035  \\$a(NO-TrBIB)970576293
=035  \\$a00ga14870-47bibsys_nb
=035  \\$a970576293-47bibsys_network
=035  \\$a97ga03887-47bibsys_nb
=035  \\$a97ga13054-47bibsys_nb
=035  \\$a97ga14442-47bibsys_nb
=035  \\$a97sa04239-47bibsys_nb
=035  \\$a98ga03724-47bibsys_nb
=040  \\$aNO-OsNB$bnob$ekatreg
=042  \\$anorbibl
=044  \\$cno
=080  \\$a839.6
=082  74$a839.823$qNO-OsNB$24/nor
=100  1\$aFossum, Karin$d1954-
=245  10$aSe deg ikke tilbake! :$bkriminalroman$cKarin Fossum
=260  \\$a[Oslo]$bCappelen$c1997
=300  \\$a275 s.
=490  1\$aCap spenningens mestere
=500  \\$a1. utg. 1996
=500  \\$aOpplagshistorikk:  Denne utg., 2.-3. oppl. 1997; 4. oppl. 1998 (Nkr 69.00) ;  5. oppl. 2000; 6. oppl. 2001 (Nkr 79.00)
=533  \\$aElektronisk reproduksjon$b[Norge]$cNasjonalbiblioteket Digital$d2009-04-20
=653  \\$anorsk-litteratur
=830  \0$aCap spenningens mestere
=852  8\$b0030100$cg00005$hNA/A 1997:1494
=852  8\$b0030100$cg00005$hNA/A 1997:4696
=852  8\$b0030100$cg00005$hNA/A 1997:5167
=852  8\$b0030100$cg00005$hNA/A 1998:1221
=852  8\$b0030100$cg00005$hNA/A 2000:4598
=852  8\$b0183334$cg00001
=856  40$3$yNB Digital$uhttp://urn.nb.no/URN:NBN:no-nb_digibok_2009042000105$z
=856  41$3Fulltekst$uhttps://urn.nb.no/URN:NBN:no-nb_digibok_2009042000105$yNettbiblioteket$zDigital representasjon
=856  42$3Forlagets beskrivelse (lang)$uhttps://contents.bibs.aws.unit.no/?isbn=8202167159
=859  \\$a0030100$bg00005$cNA/A 1997:1494$f0$h0$x2015-10-31
=859  \\$a0030100$bg00005$cNA/A 1997:4696$f0$h0$x2015-10-31
=859  \\$a0030100$bg00005$cNA/A 1997:5167$f0$h0$x2015-10-31
=859  \\$a0030100$bg00005$cNA/A 1998:1221$f0$h0$x2015-10-31
=859  \\$a0030100$bg00005$cNA/A 2000:4598$f0$h0$x2015-10-31
=859  \\$a0183334$bg00001$f0$h0$x2015-10-31
=876  \\$a00ga14870$jkat$p00ga14870$r00ga14870$wBOOK$z(h.) (5. oppl. 2000) (Til bruk på NB Oslos lesesal)
=876  \\$a97ga03887$d19970311$jkat$p97ga03887$r97ga03887$wBOOK$z(h.) (Til bruk på NB Oslos lesesal)
=876  \\$a97ga13054$d19970915$jkat$p97ga13054$r97ga13054$wBOOK$z(h.) (2. oppl. 1997) (Til bruk på NB Oslos lesesal)
=876  \\$a97ga14442$d19971008$jkat$p97ga14442$r97ga14442$wBOOK$z(h.) (3. oppl. 1997) (Til bruk på NB Oslos lesesal)
=876  \\$a97sa04239$d19970306$jkat$p97sa04239$r97sa04239$wBOOK$z(Sikringseksemplar.)
=876  \\$a98ga03724$d19980304$jkat$p98ga03724$r98ga03724$wBOOK$z(h.) (4. oppl. 1998) (Til bruk på NB Oslos lesesal)
=901  \\$a90
=913  \\$aNorbok$bNB

