=LDR  01153cam a2200361 c 4500
=001  999709451324702202
=005  20160622113739.0
=007  ta
=008  110826s1997\\\\xx#|||||||||||000|1|ger|\
=014  1\$a970945132$b(NO-TrBIB)
=015  \\$a9707690$2nbf
=020  \\$a3492039073$qib.
=035  \\$a(EXLNZ-47BIBSYS_NETWORK)999709451324702201
=035  \\$a(NO-TrBIB)970945132
=035  \\$a970945132-47bibsys_network
=035  \\$a97ga05882-47bibsys_nb
=040  \\$aNO-OsNB$bnob$ekatreg
=041  1\$hnob
=042  \\$anorbibl
=044  \\$cde
=082  74$a839.823$qNO-OsNB$24/nor
=100  1\$aFossum, Karin$d1954-$0(NO-TrBIB)90608300
=245  10$aEvas Auge :$bRoman$cKarin Fossum ; aus dem Norwegischen von Gabriele Haefs
=246  1\$aEvas øye$iOriginaltittel
=260  \\$aMünchen$bPiper$ccop. 1997
=300  \\$a367 s.
=852  8\$b0030100$cg00005$hNA/A 1997:2353
=859  \\$a0030100$bg00005$cNA/A 1997:2353$f0$h0$x2015-10-31
=876  \\$a97ga05882$d19970418$jkat$p97ga05882$r97ga05882$wBOOK$xHe/Norla$z(ib.) (Til bruk på NB Oslos lesesal)
=901  \\$a90
=913  \\$aNorbok$bNB
=960  \\$an$9LOCAL
=997  \\$an$9LOCAL

