=LDR  02378cam a2200601 c 4500
=001  999710790134702202
=005  20230401081622.0
=007  cr||||||||||||
=007  ta
=008  150624s1997\\\\no#|||||\|||||000|1|nob|\
=014  1\$a971079013$b(NO-TrBIB)
=014  1\$a971079013$b(NO-TrBIB)
=014  1\$a971079013$b(NO-TrBIB)
=015  \\$a9708116$2nbf
=020  \\$a8202167361$qib.$cNkr 149.00
=035  \\$a(EXLNZ-47BIBSYS_NETWORK)999710790134702201
=035  \\$a(NO-TrBIB)092082424
=035  \\$a(NO-TrBIB)971079013
=035  \\$a971079013-47bibsys_network
=035  \\$a97ga06925-47bibsys_nb
=035  \\$a97sa09305-47bibsys_nb
=035  \\$a98ga10070-47bibsys_nb
=040  \\$aNO-OsNB$bnob$ekatreg
=042  \\$anorbibl
=044  \\$cno
=080  \\$a82
=082  04$a839.82$223
=082  74$a839.823$qNO-OsNB$24/nor
=084  \\$aS 4b$2oosk
=100  1\$aFossum, Karin$d1954-
=245  10$aSe deg ikke tilbake! :$bkriminalroman$cKarin Fossum
=260  \\$a[Oslo]$bCappelen$c1997
=300  \\$a275 s.
=490  1\$aCappelens storbøker
=500  \\$a1. utg. 1996
=500  \\$aOpplagshistorikk:  Storbokutg., 2. oppl. 1998; 3. oppl. 2001
=533  \\$aElektronisk reproduksjon$b[Norge]$cNasjonalbiblioteket Digital$d2009-02-25
=830  \0$aCappelens storbøker
=852  8\$b0030100$cg00005$hNA/A 1997:2870
=852  8\$b0030100$cg00005$hNA/A 1998:3569
=852  8\$b0183334$cg00001
=856  40$3$yNB Digital$uhttp://urn.nb.no/URN:NBN:no-nb_digibok_2009022500092$z
=856  41$3Fulltekst$uhttps://urn.nb.no/URN:NBN:no-nb_digibok_2009022500092$yNettbiblioteket$zDigital representasjon
=856  42$3Forlagets beskrivelse (lang)$uhttps://contents.bibs.aws.unit.no/?isbn=8202167361
=856  42$3Forlagets beskrivelse (lang)$uhttps://contents.bibs.aws.unit.no/content/?isbn=9788202167363
=859  \\$a0030100$bg00005$cNA/A 1997:2870$f0$h0$x2015-10-31
=859  \\$a0030100$bg00005$cNA/A 1998:3569$f0$h0$x2015-10-31
=859  \\$a0183334$bg00001$f0$h0$x2015-10-31
=876  \\$a97ga06925$d19970507$jkat$p97ga06925$r97ga06925$wBOOK$z(ib.) (Til bruk på NB Oslos lesesal)
=876  \\$a97sa09305$d19970605$jkat$p97sa09305$r97sa09305$wBOOK$z(Sikringseksemplar.)
=876  \\$a98ga10070$d19980708$jkat$p98ga10070$r98ga10070$wBOOK$z(ib.) (2. oppl. 1998) (Til bruk på NB Oslos lesesal)
=901  \\$a90
=913  \\$aNorbok$bNB

