=LDR  04595cam a2200997 c 4500
=001  999710795794702202
=005  20240510140112.0
=007  cr||||||||||||
=007  ta
=008  150219s1997\\\\no\||||e\|||||000|f|nob|\
=014  1\$a971079579$b(NO-TrBIB)
=014  1\$a971079579$b(NO-TrBIB)
=014  1\$a971079579$b(NO-TrBIB)
=014  1\$a971079579$b(NO-TrBIB)
=014  1\$a971079579$b(NO-TrBIB)
=014  1\$a971079579$b(NO-TrBIB)
=014  1\$a971079579$b(NO-TrBIB)
=015  \\$a9708669$2nbf
=020  \\$a82-02-16738-8$qib.$cNkr 279.00$qCappelen
=020  \\$a82-574-1182-5$qib.$qBokklubben Nye bøker
=035  \\$a(EXLNZ-47BIBSYS_NETWORK)999710795794702201
=035  \\$a(NO-TrBIB)092001947
=035  \\$a(NO-TrBIB)971079579
=035  \\$a01ga02296-47bibsys_nb
=035  \\$a971079579-47bibsys_network
=035  \\$a97ga08242-47bibsys_nb
=035  \\$a97ga18491-47bibsys_nb
=035  \\$a97sa09317-47bibsys_nb
=035  \\$a97sa13892-47bibsys_nb
=035  \\$a98ga05479-47bibsys_nb
=035  \\$a98ga05480-47bibsys_nb
=040  \\$aNO-OsNB$bnob$ekatreg
=042  \\$anorbibl
=044  \\$cno
=080  \\$a839.6
=082  04$a839.82$223
=082  74$a839.823$qNO-OsNB$24/nor
=084  \\$aS 4b$2oosk
=100  1\$aFossum, Karin$d1954-$0(NO-TrBIB)90608300$4aut
=245  10$aDen som frykter ulven :$bkriminalroman$cKarin Fossum
=260  \\$a[Oslo]$bCappelen$c1997
=300  \\$a254 s.
=500  \\$aOpplagshistorikk:  2.-4. oppl. 1997; [Nytt oppl.] 2000; [Nytt oppl.] 2001
=533  \\$aElektronisk reproduksjon$b[Norge]$cNasjonalbiblioteket Digital$d2008-07-17
=653  \\$askjønnlitteratur$akrim$akriminal$akrimnord$anorsk$akrim/spenning$a1990-tallet$akriminalromaner
=655  \4$aKriminal
=655  \7$aRomaner$0(uri)https://id.nb.no/vocabulary/ntsf/258$2ntsf
=767  0\$6880-01$tal-Khāʼif min al-dhiʼb$w999922365256102201$z9789773198756
=767  0\$tDen som fruktar vargen {dollar}w 999920133867602201
=767  0\$tGöl : bir Norveç polisiyesi dedektif Konrad Sejer macerası$w991307937954702201
=767  0\$tHareta hi no mori ni shisu$w999920198089002201$z978-4-488-17405-7
=767  0\$tHe who fears the wolf$w991339870604702201
=767  0\$tKoj se plaši od volkot$w999920236494502201
=767  0\$tKojto se strachuva ot mečki-$w991328238614702201
=767  0\$tKto sa bojí vlka$w991501685514702201
=767  0\$tNe bojsja volkov$w991329985564702201
=767  0\$tTko se Vuka boji$w999920487682502201$z978-953-7953-72-0
=767  0\$tWer hat Angst vorm bösen Wolf : Roman$w991339858224702201
=880  0\$6767-01/(3/r$tالخائف من الذئب$w999922365256102201$z9789773198756
=852  8\$b0030100$cg00005$hNA/A 1997:3246
=852  8\$b0030100$cg00005$hNA/A 1997:6654
=852  8\$b0030100$cg00005$hNA/A 1998:1742
=852  8\$b0030100$cg00005$hNA/A 1998:1743
=852  8\$b0030100$cg00005$hNA/A 2001:974
=852  8\$b0183334$cg00001
=852  8\$b0183334$cg00001$h(Nye bøker)
=856  40$3$yNB Digital$uhttp://urn.nb.no/URN:NBN:no-nb_digibok_2008071700004$z
=856  41$3Fulltekst$uhttps://urn.nb.no/URN:NBN:no-nb_digibok_2008071700004$yNettbiblioteket$zDigital representasjon
=856  42$3Forlagets beskrivelse (lang)$uhttps://contents.bibs.aws.unit.no/?isbn=8202167388
=859  \\$a0030100$bg00005$cNA/A 1997:3246$f0$h0$x2015-10-31
=859  \\$a0030100$bg00005$cNA/A 1997:6654$f0$h0$x2015-10-31
=859  \\$a0030100$bg00005$cNA/A 1998:1742$f0$h0$x2015-10-31
=859  \\$a0030100$bg00005$cNA/A 1998:1743$f0$h0$x2015-10-31
=859  \\$a0030100$bg00005$cNA/A 2001:974$f0$h0$x2015-10-31
=859  \\$a0183334$bg00001$c(Nye bøker)$f0$h0$x2015-10-31
=859  \\$a0183334$bg00001$f0$h0$x2015-10-31
=876  \\$a01ga02296$d20010201$jkat$p01ga02296$r01ga02296$wBOOK$z(ib.) ([Nytt oppl.] 2000) (Til bruk på NB Oslos lesesal)
=876  \\$a97ga08242$d19970531$jkat$p97ga08242$r97ga08242$wBOOK$z(ib.) (Til bruk på NB Oslos lesesal)
=876  \\$a97ga18491$d19971219$jkat$p97ga18491$r97ga18491$wBOOK$z(ib.) (2. oppl. 1997) (Til bruk på NB Oslos lesesal)
=876  \\$a97sa09317$d19970605$jkat$p97sa09317$r97sa09317$wBOOK$z(Sikringseksemplar.)
=876  \\$a97sa13892$d19970923$jkat$p97sa13892$r97sa13892$wBOOK$z(Sikringseksemplar.)
=876  \\$a98ga05479$d19980401$jkat$p98ga05479$r98ga05479$wBOOK$z(ib.) (3. oppl. 1997) (Til bruk på NB Oslos lesesal)
=876  \\$a98ga05480$d19980401$jkat$p98ga05480$r98ga05480$wBOOK$z(ib.) (4. oppl. 1997) (Til bruk på NB Oslos lesesal)
=901  \\$a90
=913  \\$aNorbok$bNB
=913  \\$aNORLA$bNB

