=LDR  02333cam a2200589 c 4500
=001  999711449664702202
=005  20230401082244.0
=007  cr||||||||||||
=007  ta
=008  120816s1997\\\\no#|||||\|||||000|1|nob|\
=014  1\$a971144966$b(NO-TrBIB)
=014  1\$a971144966$b(NO-TrBIB)
=014  1\$a971144966$b(NO-TrBIB)
=015  \\$a9708325$2nbf
=020  \\$a8202167353$qib.$cNkr 149.00
=035  \\$a(EXLNZ-47BIBSYS_NETWORK)999711449664702201
=035  \\$a(NO-TrBIB)092432263
=035  \\$a(NO-TrBIB)971144966
=035  \\$a971144966-47bibsys_network
=035  \\$a97ga07474-47bibsys_nb
=035  \\$a97sa09325-47bibsys_nb
=035  \\$a98ga10068-47bibsys_nb
=040  \\$aNO-OsNB$bnob$ekatreg
=042  \\$anorbibl
=044  \\$cno
=082  04$a839.82$223
=082  74$a839.823$qNO-OsNB$24/nor
=084  \\$aS 4b$2oosk
=100  1\$aFossum, Karin$d1954-
=245  10$aEvas øye :$bkriminalroman$cKarin Fossum
=260  \\$a[Oslo]$bCappelen$c1997
=300  \\$a295 s.
=490  1\$aCappelens storbøker
=500  \\$a1. utg. 1995
=500  \\$aOpplagshistorikk:  Storbokutg., 2. oppl. 1998
=533  \\$aElektronisk reproduksjon$b[Norge]$cNasjonalbiblioteket Digital$d2008-08-01
=830  \0$aCappelens storbøker
=852  8\$b0030100$cg00005$hNA/A 1997:2967
=852  8\$b0030100$cg00005$hNA/A 1998:3568
=852  8\$b0183334$cg00001
=856  40$3$yNB Digital$uhttp://urn.nb.no/URN:NBN:no-nb_digibok_2008080104049$z
=856  41$3Fulltekst$uhttps://urn.nb.no/URN:NBN:no-nb_digibok_2008080104049$yNettbiblioteket$zDigital representasjon
=856  42$3Forlagets beskrivelse (lang)$uhttps://contents.bibs.aws.unit.no/?isbn=8202167353
=856  42$3Forlagets beskrivelse (lang)$uhttps://contents.bibs.aws.unit.no/content/?isbn=9788202167356
=859  \\$a0030100$bg00005$cNA/A 1997:2967$f0$h0$x2015-10-31
=859  \\$a0030100$bg00005$cNA/A 1998:3568$f0$h0$x2015-10-31
=859  \\$a0183334$bg00001$f0$h0$x2015-10-31
=876  \\$a97ga07474$d19970516$jkat$p97ga07474$r97ga07474$wBOOK$z(ib.) (Til bruk på NB Oslos lesesal)
=876  \\$a97sa09325$d19970605$jkat$p97sa09325$r97sa09325$wBOOK$z(Sikringseksemplar.)
=876  \\$a98ga10068$d19980708$jkat$p98ga10068$r98ga10068$wBOOK$z(ib.) (2. oppl. 1998) (Til bruk på NB Oslos lesesal)
=901  \\$a90
=913  \\$aNorbok$bNB

