=LDR  01111cam a2200361 c 4500
=001  999720179094702202
=005  20160622113747.0
=007  ta
=008  110826s1997\\\\xx#|||||||||||000|1|dan|\
=014  1\$a972017909$b(NO-TrBIB)
=015  \\$a9710718$2nbf
=020  \\$a8777246594$qh.
=035  \\$a(EXLNZ-47BIBSYS_NETWORK)999720179094702201
=035  \\$a(NO-TrBIB)972017909
=035  \\$a972017909-47bibsys_network
=035  \\$a97ga12786-47bibsys_nb
=040  \\$aNO-OsNB$bnob$ekatreg
=041  1\$hnob
=042  \\$anorbibl
=044  \\$cdk
=082  74$a839.823$qNO-OsNB$24/nor
=100  1\$aFossum, Karin$d1954-$0(NO-TrBIB)90608300
=245  10$aEvas øje$cKarin Fossum ; oversat af Ida Jessen
=246  1\$aEvas øye$iOriginaltittel
=260  \\$aÅrhus$bKlim$c1997
=300  \\$a288 s.
=852  8\$b0030100$cg00005$hNA/A 1997:4961
=859  \\$a0030100$bg00005$cNA/A 1997:4961$f0$h0$x2015-10-31
=876  \\$a97ga12786$d19970922$jkat$p97ga12786$r97ga12786$wBOOK$xSGS$z(h.) (Til bruk på NB Oslos lesesal)
=901  \\$a90
=913  \\$aNorbok$bNB
=960  \\$an$9LOCAL
=997  \\$an$9LOCAL

