=LDR  00838cim a22002417c 4500
=001  999727783904702202
=005  20111211114654.0
=007  ss\|||||||||||
=008  111211s1997\\\\xx#||||\||||||||||||nob|d
=014  1\$a97277839x$b(NO-TrBIB)
=035  \\$a(EXLNZ-47BIBSYS_NETWORK)999727783904702201
=035  \\$a(NO-TrBIB)97277839x
=035  \\$a97277839x-47bibsys_network
=035  \\$a97sa19011-47bibsys_nb
=040  \\$aNO-TrBIB$bnob$ekatreg
=100  1\$aFossum, Karin$d1954-$0(NO-TrBIB)90608300
=245  10$aDen som frykter ulven$h[lydopptak]
=260  \\$aBillingstad$bFono$c1997
=300  \\$a6 kassetter
=852  8\$b0183334$cg00001
=859  \\$a0183334$bg00001$f0$h3$x2015-10-31
=876  \\$a97sa19011$joppgitt$mMAGN$p97sa19011$r97sa19011$wAUDIOCASSETT$xOppg. e. 4. henv. utgiver. 17.06.98 T.M.J.$z(Sikringseksemplar.)
=901  \\$a60

