=LDR  00781cam a22002413c 4500
=001  999728875984702202
=005  20160115085946.0
=008  010321s1997\\\\xx#|||||||||||000|u|und|\
=014  1\$a972887598$b(NO-TrBIB)
=020  \\$a8278440077
=035  \\$a(EXLNZ-47BIBSYS_NETWORK)999728875984702201
=035  \\$a(NO-TrBIB)972887598
=035  \\$a972887598-47bibsys_network
=035  \\$a97sa19595-47bibsys_nb
=040  \\$aNO-OsNB$bnob$ekatreg
=100  1\$aFossum, Karin
=245  10$aEvas øye$h[lydopptak]
=260  \\$aBillingstad$bFono$c1997
=300  \\$a7 lydkassetter
=852  8\$b0183334$cg00001
=859  \\$a0183334$bg00001$f0$h3$x2015-10-31
=876  \\$a97sa19595$joppgitt$p97sa19595$r97sa19595$xOppg. e. 4. henv. utgiver. 17.06.98 T.M.J.$z(Sikringseksemplar.)
=901  \\$a50

