=LDR  02162cam a2200625 c 4500
=001  999809447244702202
=005  20230401123910.0
=007  cr||||||||||||
=007  ta
=008  150407s1998\\\\no#|||||\|||||000|1|nob|\
=014  1\$a980944724$b(NO-TrBIB)
=014  1\$a980944724$b(NO-TrBIB)
=014  1\$a980944724$b(NO-TrBIB)
=015  \\$a9906343$2nbf
=020  \\$qh.
=035  \\$a(EXLNZ-47BIBSYS_NETWORK)999809447244702201
=035  \\$a(NO-TrBIB)091996465
=035  \\$a(NO-TrBIB)980944724
=035  \\$a980944724-47bibsys_network
=035  \\$a98sa06835-47bibsys_nb
=035  \\$a99ga03901-47bibsys_nb
=035  \\$a99ga03902-47bibsys_nb
=040  \\$aNO-OsNB$bnob$ekatreg
=042  \\$anorbibl
=044  \\$cno
=082  74$a839.822$qNO-OsNB$24/nor
=084  \\$aS 4d$2oosk
=100  1\$aFossum, Karin$d1954-
=245  10$aVi bestemmer$cKarin Fossum
=260  \\$aOslo$bIntimteatret$c[1998?]
=300  \\$a62 bl.$c30 cm
=500  \\$aOppført på Det norske teatret, Prøvesalen, vinteren 1998
=500  \\$aTeatermanus
=533  \\$aElektronisk reproduksjon$b[Norge]$cNasjonalbiblioteket Digital$d2008-12-10
=653  \\$anorsk$alitteratur
=710  2\$aDet Norske teatret$0(NO-TrBIB)90061105
=710  2\$aIntimteatret
=852  8\$b0030100$cg00005$hqSmåtr. 252
=852  8\$b0030100$cg00005$hqTS 30
=852  8\$b0183334$cg00001
=856  40$3$yNB Digital$uhttp://urn.nb.no/URN:NBN:no-nb_digibok_2008121000071$z
=856  41$3Fulltekst$uhttps://urn.nb.no/URN:NBN:no-nb_digibok_2008121000071$yNettbiblioteket$zDigital representasjon
=859  \\$a0030100$bg00005$cqSmåtr. 252$f0$h0$x2015-10-31
=859  \\$a0030100$bg00005$cqTS 30$f0$h0$x2015-10-31
=859  \\$a0183334$bg00001$f0$h0$x2015-10-31
=876  \\$a98sa06835$d19980424$jkat$p98sa06835$r98sa06835$wBOOK
=876  \\$a99ga03901$d19990301$jkat$p99ga03901$r99ga03901$wBOOK$z(h.) (Til bruk på NB Oslos lesesal)
=876  \\$a99ga03902$d19990301$jkat$p99ga03902$r99ga03902$wBOOK$z(h.) (Ikke til hjemlån)
=901  \\$a90
=912  \\$k2$m2$t4
=913  \\$aNorbok$bNB
=931  \\$a2
=932  \\$a2
=933  \\$a4
=960  \\$at$9LOCAL

