=LDR  01730cam a2200373 c 4500
=001  999809450464702202
=005  20230601093349.0
=007  ta
=008  150407s1998\\\\xx\|||||||||||000|u|nob|\
=014  1\$a980945046$b(NO-TrBIB)
=035  \\$a(EXLNZ-47BIBSYS_NETWORK)999809450464702201
=035  \\$a(NO-TrBIB)980945046
=035  \\$a980945046-47bibsys_network
=035  \\$a98sa06840-47bibsys_nb
=040  \\$aNO-OsNB$bnob$ekatreg
=245  00$aTo norske urpremierer :$bVi bestemmer! : av Karin Fossum : Hva skal vi gjøre i dag? : av Øystein Lønn
=260  \\$a[Oslo]$b[Intimteatret]$c[1998]
=300  \\$a[16] s.$bill.
=500  \\$aTeaterprogram
=500  \\$aUrpremierer på Det norske teateret, Prøvesalen, onsdag 4. februar     1998
=533  \\$aElektronisk reproduksjon$b[Norge]$cNasjonalbiblioteket Digital$d2020-03-06
=655  \7$aTeaterprogrammer$0(uri)https://id.nb.no/vocabulary/ntsf/300$2ntsf
=700  12$aFossum, Karin$d1954-$tVi bestemmer!$0(NO-TrBIB)90608300
=700  12$aLønn, Øystein$d1936-2022$tHva skal vi gjøre i dag?$0(NO-TrBIB)90094260
=710  2\$aDet Norske teatret$0(NO-TrBIB)90061105
=710  2\$aIntimteatret$0(NO-TrBIB)90718431
=776  0\$tTo norske urpremierer : Vi bestemmer! : av Karin Fossum : Hva skal vi gjøre i dag? : av Øystein Lønn$w991011475704702201
=852  8\$b0030100$cg00005$hq Småtr. 3027
=852  8\$b0183334$cg00001
=856  40$3$yNB Digital$uhttp://urn.nb.no/URN:NBN:no-nb_digibok_2020030607118$z
=856  41$3Fulltekst$uhttps://urn.nb.no/URN:NBN:no-nb_digibok_2020030607118$yNettbiblioteket$zDigital representasjon
=859  \\$a0183334$bg00001$f0$h0$x2015-10-31
=876  \\$a98sa06840$d19980424$jkat$p98sa06840$r98sa06840$wBOOK
=901  \\$a80

