=LDR  02278cam a2200565 c 4500
=001  999811073974702202
=005  20231215054413.0
=007  cr||||||||||||
=007  ta
=008  130816s1998\\\\no#|||||\|||||000|1|nob|\
=014  1\$a981107397$b(NO-TrBIB)
=014  1\$a981107397$b(NO-TrBIB)
=014  1\$a981107397$b(NO-TrBIB)
=015  \\$a9809560$2nbf
=020  \\$a8252538134$qib.
=035  \\$a(EXLNZ-47BIBSYS_NETWORK)999811073974702201
=035  \\$a(NO-TrBIB)093828179
=035  \\$a(NO-TrBIB)981107397
=035  \\$a981107397-47bibsys_network
=035  \\$a98ga12350-47bibsys_nb
=035  \\$a98sa13226-47bibsys_nb
=035  \\$a99ga19569-47bibsys_nb
=040  \\$aNO-OsNB$bnob$ekatreg
=042  \\$anorbibl
=044  \\$cno
=082  74$a839.823$qNO-OsNB$24/nor
=084  \\$aS 4b$2oosk
=100  1\$aFossum, Karin$d1954-$0(NO-TrBIB)90608300
=245  10$aEvas øye$cKarin Fossum ; etterord av Nils Nordberg
=260  \\$a[Oslo]$bDen norske bokklubben$c1998
=300  \\$a235 s.
=500  \\$a1. utg. Oslo : Cappelen, 1995
=500  \\$aOpplagshistorikk:  2. oppl. 1999
=500  \\$aUtgitt som: Månedens bok
=533  \\$aElektronisk reproduksjon$b[Norge]$cNasjonalbiblioteket Digital$d2008-09-17
=852  8\$b0030100$cg00005$hNA/A 1998:4061
=852  8\$b0030100$cg00005$hNA/A 1999:6107
=852  8\$b0183334$cg00001
=856  40$3$yNB Digital$uhttp://urn.nb.no/URN:NBN:no-nb_digibok_2008091701017$z
=856  41$3Fulltekst$uhttps://urn.nb.no/URN:NBN:no-nb_digibok_2008091701017$yNettbiblioteket$zDigital representasjon
=856  42$3Forlagets beskrivelse (lang)$uhttps://contents.bibs.aws.unit.no/?isbn=8252538134
=856  42$3Forlagets beskrivelse (lang)$uhttps://contents.bibs.aws.unit.no/content/?isbn=9788252538137
=859  \\$a0030100$bg00005$cNA/A 1998:4061$f0$h0$x2015-10-31
=859  \\$a0030100$bg00005$cNA/A 1999:6107$f0$h0$x2015-10-31
=859  \\$a0183334$bg00001$f0$h0$x2015-10-31
=876  \\$a98ga12350$d19980813$jkat$p98ga12350$r98ga12350$wBOOK$z(ib.) (Til bruk på NB Oslos lesesal)
=876  \\$a98sa13226$d19980806$jkat$p98sa13226$r98sa13226$wBOOK
=876  \\$a99ga19569$jkat$p99ga19569$r99ga19569$wBOOK$z(ib.) (2. oppl. 1999) (Til bruk på NB Oslos lesesal)
=901  \\$a90
=913  \\$aNorbok$bNB

