=LDR  02545cam a2200613 c 4500
=001  999811838594702202
=005  20230401130151.0
=007  cr||||||||||||
=007  ta
=008  090525s1998\\\\no#|||||\|||||000|1|nob|\
=014  1\$a981183859$b(NO-TrBIB)
=014  1\$a981183859$b(NO-TrBIB)
=014  1\$a981183859$b(NO-TrBIB)
=014  1\$a981183859$b(NO-TrBIB)
=015  \\$a9808541$2nbf
=020  \\$a8202175127$qh.$cNkr 69.00
=035  \\$a(EXLNZ-47BIBSYS_NETWORK)999811838594702201
=035  \\$a(NO-TrBIB)09251894x
=035  \\$a(NO-TrBIB)981183859
=035  \\$a981183859-47bibsys_network
=035  \\$a98ga08978-47bibsys_nb
=035  \\$a98sa08563-47bibsys_nb
=035  \\$a99ga05875-47bibsys_nb
=035  \\$a99ga14802-47bibsys_nb
=040  \\$aNO-OsNB$bnob$ekatreg
=042  \\$anorbibl
=044  \\$cno
=082  74$a839.823$qNO-OsNB$24/nor
=100  1\$aFossum, Karin$d1954-
=245  10$aDen som frykter ulven :$bkriminalroman$cKarin Fossum
=260  \\$a[Oslo]$bCappelen$c1998
=300  \\$a254 s.
=490  1\$aCap spenningens mestere
=500  \\$a1. utg. 1997
=500  \\$aOpplagshistorikk:  Denne utg., 3. oppl. 1998; 4. oppl. 1999; 5. oppl. 2001  (Nkr 79.00); 6. oppl. 2002 (Nkr 89.00)
=533  \\$aElektronisk reproduksjon$b[Norge]$cNasjonalbiblioteket Digital$d2008-08-26
=830  \0$aCap spenningens mestere
=852  8\$b0030100$cg00005$hNA/A 1998:2857
=852  8\$b0030100$cg00005$hNA/A 1999:1819
=852  8\$b0030100$cg00005$hNA/A 1999:4954
=852  8\$b0183334$cg00001
=856  40$3$yNB Digital$uhttp://urn.nb.no/URN:NBN:no-nb_digibok_2008082600095$z
=856  41$3Fulltekst$uhttps://urn.nb.no/URN:NBN:no-nb_digibok_2008082600095$yNettbiblioteket$zDigital representasjon
=856  42$3Forlagets beskrivelse (lang)$uhttps://contents.bibs.aws.unit.no/?isbn=8202175127
=859  \\$a0030100$bg00005$cNA/A 1998:2857$f0$h0$x2015-10-31
=859  \\$a0030100$bg00005$cNA/A 1999:1819$f0$h0$x2015-10-31
=859  \\$a0030100$bg00005$cNA/A 1999:4954$f0$h0$x2015-10-31
=859  \\$a0183334$bg00001$f0$h0$x2015-10-31
=876  \\$a98ga08978$d19980615$jkat$p98ga08978$r98ga08978$wBOOK$z(h.) (Til bruk på NB Oslos lesesal)
=876  \\$a98sa08563$d19980526$jkat$p98sa08563$r98sa08563$wBOOK
=876  \\$a99ga05875$d19990325$jkat$p99ga05875$r99ga05875$wBOOK$z(h.) (3. oppl. 1998) (Til bruk på NB Oslos lesesal)
=876  \\$a99ga14802$d19990908$jkat$p99ga14802$r99ga14802$wBOOK$z(h.) (4. oppl. 1999) (Til bruk på NB Oslos lesesal)
=901  \\$a90
=913  \\$aNorbok$bNB

