=LDR  01802cam a2200481 c 4500
=001  999812265664702202
=005  20230401130618.0
=007  cr||||||||||||
=007  ta
=008  150112s1998\\\\no#|||||\|||||000|1|nob|\
=014  1\$a981226566$b(NO-TrBIB)
=014  1\$a981226566$b(NO-TrBIB)
=015  \\$a9809005$2nbf
=020  \\$a8277900724$qib.$cNkr 298.00
=035  \\$a(EXLNZ-47BIBSYS_NETWORK)999812265664702201
=035  \\$a(NO-TrBIB)091913705
=035  \\$a(NO-TrBIB)981226566
=035  \\$a981226566-47bibsys_network
=035  \\$a98ga10279-47bibsys_nb
=035  \\$a98sa08892-47bibsys_nb
=040  \\$aNO-OsNB$bnob$ekatreg
=042  \\$anorbibl
=044  \\$cno
=082  74$a839.823$qNO-OsNB$24/nor
=100  1\$aFossum, Karin$d1954-$0(NO-TrBIB)90608300
=245  10$aDen som frykter ulven$cKarin Fossum
=260  \\$aOslo$bStorskriftforl.$c1998
=300  \\$a384 s.
=490  1\$aStorskriftserien
=500  \\$a1. utg. Oslo : Cappelen, 1997
=533  \\$aElektronisk reproduksjon$b[Norge]$cNasjonalbiblioteket Digital$d2009-01-16
=830  \0$aStorskriftserien
=852  8\$b0030100$cg00005$hNA/A 1998:3607
=852  8\$b0183334$cg00001
=856  40$3$yNB Digital$uhttp://urn.nb.no/URN:NBN:no-nb_digibok_2009011600111$z
=856  41$3Fulltekst$uhttps://urn.nb.no/URN:NBN:no-nb_digibok_2009011600111$yNettbiblioteket$zDigital representasjon
=856  42$3Forlagets beskrivelse (lang)$uhttps://contents.bibs.aws.unit.no/?isbn=8277900724
=859  \\$a0030100$bg00005$cNA/A 1998:3607$f0$h0$x2015-10-31
=859  \\$a0183334$bg00001$f0$h0$x2015-10-31
=876  \\$a98ga10279$d19980710$jkat$p98ga10279$r98ga10279$wBOOK$z(ib.) (Til bruk på NB Oslos lesesal)
=876  \\$a98sa08892$d19980602$jkat$p98sa08892$r98sa08892$wBOOK
=901  \\$a90
=913  \\$aNorbok$bNB

