=LDR  01834cam a2200505 c 4500
=001  999812851634702202
=005  20230401131156.0
=007  cr||||||||||||
=007  ta
=008  150624s1998\\\\no#|||||\|||||000|1|nob|\
=014  1\$a981285163$b(NO-TrBIB)
=014  1\$a981285163$b(NO-TrBIB)
=015  \\$a9808811$2nbf
=020  \\$a8202175135$qib.$cNkr 149.00
=035  \\$a(EXLNZ-47BIBSYS_NETWORK)999812851634702201
=035  \\$a(NO-TrBIB)101580975
=035  \\$a(NO-TrBIB)981285163
=035  \\$a981285163-47bibsys_network
=035  \\$a98ga09498-47bibsys_nb
=035  \\$a98sa09548-47bibsys_nb
=040  \\$aNO-OsNB$bnob$ekatreg
=042  \\$anorbibl
=044  \\$cno
=080  \\$a82
=082  74$a839.823$qNO-OsNB$24/nor
=084  \\$aS 4b$2oosk
=100  1\$aFossum, Karin$d1954-$0(NO-TrBIB)90608300
=245  10$aDen som frykter ulven$cKarin Fossum
=260  \\$a[Oslo]$bCappelen$c1998
=300  \\$a254 s.
=490  1\$aCappelens storbøker
=500  \\$a1. utg. 1997
=533  \\$aElektronisk reproduksjon$b[Norge]$cNasjonalbiblioteket Digital$d2010-06-25
=830  \0$aCappelens storbøker
=852  8\$b0030100$cg00005$hNA/A 1998:3214
=852  8\$b0183334$cg00001
=856  40$3$yNB Digital$uhttp://urn.nb.no/URN:NBN:no-nb_digibok_2010062508053$z
=856  41$3Fulltekst$uhttps://urn.nb.no/URN:NBN:no-nb_digibok_2010062508053$yNettbiblioteket$zDigital representasjon
=856  42$3Forlagets beskrivelse (lang)$uhttps://contents.bibs.aws.unit.no/?isbn=8202175135
=859  \\$a0030100$bg00005$cNA/A 1998:3214$f0$h0$x2015-10-31
=859  \\$a0183334$bg00001$f0$h0$x2015-10-31
=876  \\$a98ga09498$d19980629$jkat$p98ga09498$r98ga09498$wBOOK$z(ib.) (Til bruk på NB Oslos lesesal)
=876  \\$a98sa09548$d19980609$jkat$p98sa09548$r98sa09548$wBOOK
=901  \\$a90
=913  \\$aNorbok$bNB

