=LDR  03652cam a2200793 c 4500
=001  999816816034702202
=005  20230401135001.0
=007  cr||||||||||||
=007  ta
=008  150929s1998\\\\no\|||||\|||||000|1|nob|\
=014  1\$a981681603$b(NO-TrBIB)
=014  1\$a981681603$b(NO-TrBIB)
=014  1\$a981681603$b(NO-TrBIB)
=014  1\$a981681603$b(NO-TrBIB)
=015  \\$a9810213$2nbf
=020  \\$a8202183634$qib.$cNkr 289.00$qCappelen
=020  \\$a8202183634$z8259802856$qib.$cNkr 289.00$qrettet : Krim
=020  \\$a8257412163$qib.$qNye bøker
=035  \\$a(EXLNZ-47BIBSYS_NETWORK)999816816034702201
=035  \\$a(NO-TrBIB)091995701
=035  \\$a(NO-TrBIB)981681603
=035  \\$a00ga04233-47bibsys_nb
=035  \\$a981681603-47bibsys_network
=035  \\$a98ga13809-47bibsys_nb
=035  \\$a98sa16575-47bibsys_nb
=035  \\$a99ga03757-47bibsys_nb
=040  \\$aNO-OsNB$bnob$ekatreg
=042  \\$anorbibl
=044  \\$cno
=080  \\$a82
=080  \\$a839.6
=082  04$a839.82$223
=082  74$a839.823$qNO-OsNB$24/nor
=084  \\$aS 4b$2oosk
=100  1\$aFossum, Karin$d1954-$0(NO-TrBIB)90608300
=245  10$aDjevelen holder lyset :$bkriminalroman$cKarin Fossum
=260  \\$a[Oslo]$bCappelen$c1998
=300  \\$a232 s.
=500  \\$aOpplagshistorikk:  2.-3. oppl. 1998; [Nytt oppl.] 2000; [Nytt oppl.] 2001;  [Nytt oppl.] 2002
=533  \\$aElektronisk reproduksjon$b[Norge]$cNasjonalbiblioteket Digital$d2008-09-23
=653  \\$anorsk-litteratur$aroman$askjønnlitteratur$aonde$avoksne$anorsk$akrim/spenning$a1990-tallet$akriminalromaner
=655  \4$aKriminal
=767  0\$aFossum, Karin$tKad đavo drži sveću$w999920421570202201
=767  0\$aFossum, Karin$tKad vrag drži svijeću /$w999920163037602201
=767  0\$aFossum, Karin$tKed' diabol svieti na cestu$w991516881334702201
=767  0\$aFossum, Karin$tLa luz del diablo$w999920333585702201
=767  0\$tDunkler Schlaf$w999920570190402201
=852  8\$b0030100$cg00005$hNA/A 1998:4576
=852  8\$b0030100$cg00005$hNA/A 1999:1173
=852  8\$b0030100$cg00005$hNA/A 2000:1492
=852  8\$b0183334$cg00001
=856  40$3$yNB Digital$uhttp://urn.nb.no/URN:NBN:no-nb_digibok_2008092300070$z
=856  41$3Fulltekst$uhttps://urn.nb.no/URN:NBN:no-nb_digibok_2008092300070$yNettbiblioteket$zDigital representasjon
=856  42$3Forlagets beskrivelse (lang)$uhttps://contents.bibs.aws.unit.no/?isbn=8202183634
=856  42$3Omslagsbilde$uhttps://contents.bibs.aws.unit.no/files/images/large/4/3/8202183634.jpg$qimage/jpeg
=856  42$3Omslagsbilde$uhttps://contents.bibs.aws.unit.no/files/images/small/4/3/8202183634.jpg$qimage/jpeg
=856  42$3Omslagsbilde$uhttps://contents.bibs.aws.unit.no/files/images/small/9/3/9788202183639.jpg$qimage/jpeg
=856  42$3Originalt bilde$uhttps://contents.bibs.aws.unit.no/files/images/original/9/3/9788202183639.jpg$qimage/jpeg
=859  \\$a0030100$bg00005$cNA/A 1998:4576$f0$h0$x2015-10-31
=859  \\$a0030100$bg00005$cNA/A 1999:1173$f0$h0$x2015-10-31
=859  \\$a0030100$bg00005$cNA/A 2000:1492$f0$h0$x2015-10-31
=859  \\$a0183334$bg00001$f0$h0$x2015-10-31
=876  \\$a00ga04233$jkat$p00ga04233$r00ga04233$wBOOK$z(ib.) ([Nytt oppl.] 2000) (Til bruk på NB Oslos lesesal)
=876  \\$a98ga13809$d19980914$jkat$p98ga13809$r98ga13809$wBOOK$z(ib.) (Til bruk på NB Oslos lesesal)
=876  \\$a98sa16575$d19980916$jkat$p98sa16575$r98sa16575$wBOOK$z(Bokklubben)
=876  \\$a99ga03757$jkat$p99ga03757$r99ga03757$wBOOK$z(ib.) (3. oppl. 1998) (Til bruk på NB Oslos lesesal)
=901  \\$a90
=913  \\$aNorbok$bNB
=913  \\$aNORLA$bNB

