=LDR  01207cam a2200373 c 4500
=001  999817595644702202
=005  20160622113835.0
=007  ta
=008  110826s1998\\\\xx#|||||||||||000|1|spa|\
=014  1\$a981759564$b(NO-TrBIB)
=015  \\$a9809832$2nbf
=020  \\$a8425332214$qh.
=035  \\$a(EXLNZ-47BIBSYS_NETWORK)999817595644702201
=035  \\$a(NO-TrBIB)981759564
=035  \\$a981759564-47bibsys_network
=035  \\$a98ga12539-47bibsys_nb
=040  \\$aNO-OsNB$bnob$ekatreg
=041  1\$hnob
=042  \\$anorbibl
=044  \\$cse
=082  74$a839.823$qNO-OsNB$24/nor
=100  1\$aFossum, Karin$d1954-$0(NO-TrBIB)90608300
=245  13$aEl ojo de Eva$cKarin Fossum ; traducción de Kirsti Baggethun y Asunción Lorenzo Torres
=246  1\$aEvas øye$iOriginaltittel
=260  \\$aBarcelona$bGrijalbo$c1998
=300  \\$a247 s.
=700  1\$aBaggethun, Kirsti$4trl
=852  8\$b0030100$cg00005$hNA/A 1998:4314
=859  \\$a0030100$bg00005$cNA/A 1998:4314$f0$h0$x2015-10-31
=876  \\$a98ga12539$d19980818$jkat$p98ga12539$r98ga12539$wBOOK$xHe fra norla$z(h.) (Til bruk på NB Oslos lesesal)
=901  \\$a90
=913  \\$aNorbok$bNB
=960  \\$an$9LOCAL
=997  \\$an$9LOCAL

