=LDR  01207cam a2200385 c 4500
=001  999818112214702202
=005  20160622113825.0
=007  ta
=008  110826s1998\\\\xx#|||||||||||000|1|swe|\
=014  1\$a981811221$b(NO-TrBIB)
=015  \\$a9907507$2nbf
=020  \\$a9137112457$qib.
=035  \\$a(EXLNZ-47BIBSYS_NETWORK)999818112214702201
=035  \\$a(NO-TrBIB)981811221
=035  \\$a981811221-47bibsys_network
=035  \\$a98ga13017-47bibsys_nb
=040  \\$aNO-OsNB$bnob$ekatreg
=041  1\$hnob
=042  \\$anorbibl
=044  \\$cse
=082  74$a839.823$qNO-OsNB$24/nor
=100  1\$aFossum, Karin$d1954-$0(NO-TrBIB)90608300
=245  10$aEvas öga$cKarin Fossum ; översättning Helena och Ulf Örnkloo
=246  1\$aEvas øye$iOriginaltittel
=250  \\$a2. tryckningen
=260  \\$a[Stockholm]$bForum$c1998
=300  \\$a220 s.
=500  \\$aDenne utg., 1. oppl. 1998
=852  8\$b0030100$cg00005$hNA/A 1999:2230
=859  \\$a0030100$bg00005$cNA/A 1999:2230$f0$h0$x2015-10-31
=876  \\$a98ga13017$d19990409$jkat$p98ga13017$r98ga13017$wBOOK$xHe$z(h.) (Til bruk på NB Oslos lesesal)
=901  \\$a90
=913  \\$aNorbok$bNB
=960  \\$an$9LOCAL
=997  \\$an$9LOCAL

