=LDR  00704cam a22002293c 4500
=001  999824637234702202
=005  20160115091736.0
=008  000215s1998\\\\xx#|||||||||||000|u|und|\
=014  1\$a982463723$b(NO-TrBIB)
=035  \\$a(EXLNZ-47BIBSYS_NETWORK)999824637234702201
=035  \\$a(NO-TrBIB)982463723
=035  \\$a982463723-47bibsys_network
=035  \\$a98sa21733-47bibsys_nb
=040  \\$aNO-OsNB$bnob$ekatreg
=100  1\$aFossum, Karin
=245  10$aDjevelen holder lyset$h[elektronisk ressurs]
=260  \\$aBillingstad$bFono$c1998
=300  \\$a7 kassetter
=852  8\$b0183334$cg00001
=859  \\$a0183334$bg00001$f0$h2$x2015-10-31
=876  \\$a98sa21733$jbest$p98sa21733$r98sa21733
=901  \\$a50

