=LDR  01336cam a2200409 c 4500
=001  999824943514702202
=005  20160622113828.0
=007  ta
=008  110826s1998\\\\xx#|||||||||||000|1|dut|\
=014  1\$a982494351$b(NO-TrBIB)
=015  \\$a9907437$2nbf
=020  \\$a9022315002$qh.$qManteau
=020  \\$a9056720171$qh.$qSignature
=035  \\$a(EXLNZ-47BIBSYS_NETWORK)999824943514702201
=035  \\$a(NO-TrBIB)982494351
=035  \\$a982494351-47bibsys_network
=035  \\$a98ga18321-47bibsys_nb
=040  \\$aNO-OsNB$bnob$ekatreg
=041  1\$hnob
=042  \\$anorbibl
=044  \\$cbe
=082  74$a839.823$qNO-OsNB$24/nor
=100  1\$aFossum, Karin$d1954-$0(NO-TrBIB)90608300
=245  10$aEva's oog$cKarin Fossum ; [vertaling: Annemarie Smit]
=246  1\$aEvas øye$iOriginaltittel
=260  \\$aAntwerpen$aNieuwegen$bManteau$bSignature$ccop. 1998
=300  \\$a305 s.
=490  1\$aSignature Manteau crime
=500  \\$aUndertittel på omslaget: Misdaadroman
=830  \0$aSignature Manteau crime
=852  8\$b0030100$cg00005$hNA/A 1999:1667
=859  \\$a0030100$bg00005$cNA/A 1999:1667$f0$h0$x2015-10-31
=876  \\$a98ga18321$d19990330$jkat$p98ga18321$r98ga18321$wBOOK$xBDS$z(h.) (Til bruk på NB Oslos lesesal)
=901  \\$a90
=913  \\$aNorbok$bNB
=960  \\$an$9LOCAL
=997  \\$an$9LOCAL

