=LDR  01867cam a2200505 c 4500
=001  999900140704702202
=005  20231230053642.0
=007  cr||||||||||||
=007  ta
=008  090413s1999\\\\no#|||||\|||||000|1|nob|\
=014  1\$a99001407x$b(NO-TrBIB)
=014  1\$a99001407x$b(NO-TrBIB)
=015  \\$a9905453$2nbf
=020  \\$a8202183928$qh.$cNkr 49.00
=035  \\$a(EXLNZ-47BIBSYS_NETWORK)999900140704702201
=035  \\$a(NO-TrBIB)092034543
=035  \\$a(NO-TrBIB)99001407x
=035  \\$a99001407x-47bibsys_network
=035  \\$a99ga01257-47bibsys_nb
=035  \\$a99sa00175-47bibsys_nb
=040  \\$aNO-OsNB$bnob$ekatreg
=042  \\$anorbibl
=044  \\$cno
=082  74$a839.823$qNO-OsNB$24/nor
=100  1\$aFossum, Karin$d1954-
=245  10$aEvas øye$cKarin Fossum
=260  \\$a[Oslo]$bCappelen$c1999
=300  \\$a295 s.
=490  1\$aCappelen krim$v2
=500  \\$a1. utg. 1995
=500  \\$a2. oppl. i serien Cappelen spenning
=500  \\$aOpplagshistorikk:  2. oppl. 2002 (Nkr 59.00)
=533  \\$aElektronisk reproduksjon$b[Norge]$cNasjonalbiblioteket Digital$d2008-09-03
=830  \0$aCappelen krim$v2
=852  8\$b0030100$cg00005$hNA/A 1999:413
=852  8\$b0183334$cg00001
=856  40$3$yNB Digital$uhttp://urn.nb.no/URN:NBN:no-nb_digibok_2008090300019$z
=856  41$3Fulltekst$uhttps://urn.nb.no/URN:NBN:no-nb_digibok_2008090300019$yNettbiblioteket$zDigital representasjon
=856  42$3Forlagets beskrivelse (lang)$uhttps://contents.bibs.aws.unit.no/content/?isbn=9788202183929
=859  \\$a0030100$bg00005$cNA/A 1999:413$f0$h0$x2015-10-31
=859  \\$a0183334$bg00001$f0$h0$x2015-10-31
=876  \\$a99ga01257$d19990120$jkat$p99ga01257$r99ga01257$wBOOK$z(h.) (Til bruk på NB Oslos lesesal)
=876  \\$a99sa00175$d19990106$jkat$p99sa00175$r99sa00175$wBOOK
=901  \\$a90
=913  \\$aNorbok$bNB

