=LDR  01212cam a2200397 c 4500
=001  999905402194702202
=005  20160622113858.0
=007  ta
=008  110826s1999\\\\xx#|||||||||||000|1|fre|\
=014  1\$a990540219$b(NO-TrBIB)
=015  \\$a9907530$2nbf
=020  \\$a2913167020$qh.
=035  \\$a(EXLNZ-47BIBSYS_NETWORK)999905402194702201
=035  \\$a(NO-TrBIB)990540219
=035  \\$a990540219-47bibsys_network
=035  \\$a99ga06175-47bibsys_nb
=040  \\$aNO-OsNB$bnob$ekatreg
=041  1\$hnob
=042  \\$anorbibl
=044  \\$cfr
=082  74$a839.823$qNO-OsNB$24/nor
=100  1\$aFossum, Karin$d1954-$0(NO-TrBIB)90608300
=245  12$aL'œil d'Eve$cKarin Fossum ; traduit du norvégien par Gro Tang
=246  1\$aEvas øye$iOriginaltittel
=260  \\$aParis$bOdin éditions$c1999
=300  \\$a275 s.
=490  1\$aEnigme
=700  1\$aTang, Gro$4trl
=830  \0$aEnigme
=852  8\$b0030100$cg00005$hNA/A 1999:2238
=859  \\$a0030100$bg00005$cNA/A 1999:2238$f0$h0$x2015-10-31
=876  \\$a99ga06175$d19990330$jkat$p99ga06175$r99ga06175$wBOOK$xHe$z(h.) (Til bruk på NB Oslos lesesal)
=901  \\$a90
=913  \\$aNorbok$bNB
=960  \\$an$9LOCAL
=997  \\$an$9LOCAL

