=LDR  01236cam a2200385 c 4500
=001  999905403244702202
=005  20160622113858.0
=007  ta
=008  110826s1999\\\\xx#|||||||||||000|1|ger|\
=014  1\$a990540324$b(NO-TrBIB)
=015  \\$a9907527$2nbf
=020  \\$a3492040217$z349204021X$qib.
=035  \\$a(EXLNZ-47BIBSYS_NETWORK)999905403244702201
=035  \\$a(NO-TrBIB)990540324
=035  \\$a990540324-47bibsys_network
=035  \\$a99ga06177-47bibsys_nb
=040  \\$aNO-OsNB$bnob$ekatreg
=041  1\$hnob
=042  \\$anorbibl
=044  \\$cde
=082  74$a839.823$qNO-OsNB$24/nor
=100  1\$aFossum, Karin$d1954-$0(NO-TrBIB)90608300
=245  10$aFremde Blicke :$bRoman$cKarin Fossum ; aus dem Norwegischen von Gabriele Haefs
=246  1\$aSe deg ikke tilbake!$iOriginaltittel
=250  \\$a2. Aufl.
=260  \\$aMünchen$bPiper$c1999
=300  \\$a347 s.
=500  \\$aDenne utg., 1. oppl. 1996
=852  8\$b0030100$cg00005$hNA/A 1999:2236
=859  \\$a0030100$bg00005$cNA/A 1999:2236$f0$h0$x2015-10-31
=876  \\$a99ga06177$d19990330$jkat$p99ga06177$r99ga06177$wBOOK$xHe$z(ib.) (Til bruk på NB Oslos lesesal)
=901  \\$a90
=913  \\$aNorbok$bNB
=960  \\$an$9LOCAL
=997  \\$an$9LOCAL

