=LDR  02008cam a2200481 c 4500
=001  999906260594702202
=005  20230601094458.0
=007  ta
=008  110826s1998\\\\sw\\\\\e\|||||000|f\swe|\
=014  1\$a990626059$b(NO-TrBIB)
=014  1\$a990626059$b(NO-TrBIB)
=020  \\$a91-37-11420-4$qib.
=035  \\$a(EXLNZ-47BIBSYS_NETWORK)999906260594702201
=035  \\$a(NO-TrBIB)990626059
=035  \\$a990626059-47bibsys_network
=035  \\$a99ga07559-47bibsys_nb
=035  \\$a99ga07559-47bibsys_nb
=040  \\$aNO-OsNB$bnob$ekatreg
=041  1\$aswe$hnob
=082  74$a839.8238$qNO-OsNB$223/nor
=100  1\$aFossum, Karin$d1954-$0(NO-TrBIB)90608300$4aut
=245  10$aSe dig inte om!$cKarin Fossum ; översättning Helena och Ulf Örnkloo
=246  1\$iOriginaltittel:$aSe deg ikke tilbake!
=260  \\$a[Stockholm]$bForum$c1998
=300  \\$a233 s.$c24 cm
=500  \\$aOpplagshistorikk: 3. oppl. 1999
=533  \\$aElektronisk reproduksjon$b[Norge]$cNasjonalbiblioteket Digital$d2022-09-16
=655  \7$aRomaner$0(uri)https://id.nb.no/vocabulary/ntsf/258$2ntsf
=700  1\$aÖrnkloo, Helena$0(NO-TrBIB)11042884$4trl
=700  1\$aÖrnkloo, Ulf$d1934-$0(NO-TrBIB)90137513$4trl
=765  0\$tSe deg ikke tilbake!$w999609024224702201
=852  8\$b0030100$cg00005$hNA/A 1999:6543
=852  8\$b0030100$cg00005$hNA/A 2018:4028
=856  40$3$yNB Digital$uhttp://urn.nb.no/URN:NBN:no-nb_digibok_2022081948534$z
=856  41$3Fulltekst$uhttps://urn.nb.no/URN:NBN:no-nb_digibok_2022081948534$yNettbiblioteket$zDigital representasjon
=859  \\$a0030100$bg00005$cNA/A 1999:6543$f0$h0$x2015-10-31
=859  \\$a0030100$bg00005$cNA/A 1999:6543$f0$h0$x2015-10-31
=876  \\$a99ga07559$d19991116$jkat$p99ga07559$r99ga07559$wBOOK$xHe$z(ib.) (Til bruk på Hovedbibl.s lesesal)
=876  \\$a99ga07559$d19991116$jkat$p99ga07559$r99ga07559$wBOOK$xHe$z(ib.) (Til bruk på Hovedbibl.s lesesal)
=901  \\$a90
=913  \\$aNorbok$bNB
=913  \\$aNORLA$bNB
=960  \\$an$9local

