=LDR  01932cam a2200505 c 4500
=001  999908984074702202
=005  20230401172557.0
=007  cr||||||||||||
=007  ta
=008  120816s1999\\\\no#|||||\|||||000|1|nob|\
=014  1\$a990898407$b(NO-TrBIB)
=014  1\$a990898407$b(NO-TrBIB)
=015  \\$a9909291$2nbf
=020  \\$a8202184088$qib.$cNkr 59.00
=035  \\$a(EXLNZ-47BIBSYS_NETWORK)999908984074702201
=035  \\$a(NO-TrBIB)10092459x
=035  \\$a(NO-TrBIB)990898407
=035  \\$a990898407-47bibsys_network
=035  \\$a99ga11144-47bibsys_nb
=035  \\$a99sa09558-47bibsys_nb
=040  \\$aNO-OsNB$bnob$ekatreg
=042  \\$anorbibl
=044  \\$cno
=082  04$a839.82$223
=082  74$a839.823$qNO-OsNB$24/nor
=100  1\$aFossum, Karin$d1954-$0(NO-TrBIB)90608300
=245  14$aDen som frykter ulven ; Djevelen holder lyset :$bkriminalromaner$cKarin Fossum
=260  \\$a[Oslo]$bCappelen$c1999
=300  \\$a254, 232 s.
=500  \\$a1. utg. henholdsvis 1997 og 1998
=500  \\$aUtgitt i samarbeid med Interbok
=533  \\$aElektronisk reproduksjon$b[Norge]$cNasjonalbiblioteket Digital$d2010-03-05
=740  0\$aDjevelen holder lyset
=740  4\$aDen som frykter ulven
=852  8\$b0030100$cg00005$hNA/A 1999:3694
=852  8\$b0183334$cg00001
=856  40$3$yNB Digital$uhttp://urn.nb.no/URN:NBN:no-nb_digibok_2010030503045$z
=856  41$3Fulltekst$uhttps://urn.nb.no/URN:NBN:no-nb_digibok_2010030503045$yNettbiblioteket$zDigital representasjon
=856  42$3Forlagets beskrivelse (lang)$uhttps://contents.bibs.aws.unit.no/?isbn=8202184088
=859  \\$a0030100$bg00005$cNA/A 1999:3694$f0$h0$x2015-10-31
=859  \\$a0183334$bg00001$f0$h0$x2015-10-31
=876  \\$a99ga11144$d19990623$jkat$p99ga11144$r99ga11144$wBOOK$z(ib.) (Til bruk på NB Oslos lesesal)
=876  \\$a99sa09558$d19990608$jkat$p99sa09558$r99sa09558$wBOOK
=901  \\$a90
=913  \\$aNorbok$bNB

