=LDR  01171cam a2200361 c 4500
=001  999912408044702202
=005  20160622113855.0
=007  ta
=008  110826s1999\\\\xx#|||||||||||000|1|spa|\
=014  1\$a991240804$b(NO-TrBIB)
=015  \\$a9910599$2nbf
=020  \\$a8425333482$qh.
=035  \\$a(EXLNZ-47BIBSYS_NETWORK)999912408044702201
=035  \\$a(NO-TrBIB)991240804
=035  \\$a991240804-47bibsys_network
=035  \\$a99ga12285-47bibsys_nb
=040  \\$aNO-OsNB$bnob$ekatreg
=041  1\$hnob
=042  \\$anorbibl
=044  \\$ces
=082  74$a839.823$qNO-OsNB$24/nor
=100  1\$aFossum, Karin$d1954-$0(NO-TrBIB)90608300
=245  10$aNo mires atrás$cKarin Fossum ; traducción de Kirsti Baggethun y Asunción Lorenzo Torres
=246  1\$aSe deg ikke tilbake!$iOriginaltittel
=260  \\$aBarcelona$bGrijalbo$c1999
=300  \\$a293 s.
=852  8\$b0030100$cg00005$hNA/A 1999:4597
=859  \\$a0030100$bg00005$cNA/A 1999:4597$f0$h0$x2015-10-31
=876  \\$a99ga12285$d19990719$jkat$p99ga12285$r99ga12285$wBOOK$xHe$z(h.) (Til bruk på NB Oslos lesesal)
=901  \\$a90
=913  \\$aNorbok$bNB
=960  \\$an$9LOCAL
=997  \\$an$9LOCAL

