=LDR  01134cam a2200361 c 4500
=001  999913017654702202
=005  20160622113853.0
=007  ta
=008  110826s1999\\\\xx#|||||||||||000|1|dan|\
=014  1\$a991301765$b(NO-TrBIB)
=015  \\$a9912452$2nbf
=020  \\$a8777248228$qh.
=035  \\$a(EXLNZ-47BIBSYS_NETWORK)999913017654702201
=035  \\$a(NO-TrBIB)991301765
=035  \\$a991301765-47bibsys_network
=035  \\$a99ga13028-47bibsys_nb
=040  \\$aNO-OsNB$bnob$ekatreg
=041  1\$hnob
=042  \\$anorbibl
=044  \\$cdk
=082  74$a839.823$qNO-OsNB$24/nor
=100  1\$aFossum, Karin$d1954-$0(NO-TrBIB)90608300
=245  10$aSe dig ikke tilbage$cKarin Fossum ; oversat af Alf Andersen
=246  1\$aSe deg ikke tilbake!$iOriginaltittel
=260  \\$aÅrhus$bKlim$c1999
=300  \\$a298 s.
=852  8\$b0030100$cg00005$hNA/A 1999:6541
=859  \\$a0030100$bg00005$cNA/A 1999:6541$f0$h0$x2015-10-31
=876  \\$a99ga13028$d19991109$jkat$p99ga13028$r99ga13028$wBOOK$xKAS$z(h.) (Til bruk på NB Oslos lesesal)
=901  \\$a90
=913  \\$aNorbok$bNB
=960  \\$an$9LOCAL
=997  \\$an$9LOCAL

