=LDR  02228cam a2200565 c 4500
=001  999913639814702202
=005  20230401181420.0
=007  cr||||||||||||
=007  ta
=008  140710s1999\\\\no#|||||\|||||000|1|nob|\
=014  1\$a991363981$b(NO-TrBIB)
=014  1\$a991363981$b(NO-TrBIB)
=014  1\$a991363981$b(NO-TrBIB)
=015  \\$a9911094$2nbf
=020  \\$a8202188121$qh.$cNkr 69.00
=035  \\$a(EXLNZ-47BIBSYS_NETWORK)999913639814702201
=035  \\$a(NO-TrBIB)092523196
=035  \\$a(NO-TrBIB)991363981
=035  \\$a00ga14872-47bibsys_nb
=035  \\$a991363981-47bibsys_network
=035  \\$a99ga15704-47bibsys_nb
=035  \\$a99sa12920-47bibsys_nb
=040  \\$aNO-OsNB$bnob$ekatreg
=042  \\$anorbibl
=044  \\$cno
=082  74$a839.823$qNO-OsNB$24/nor
=100  1\$aFossum, Karin$d1954-
=245  10$aDjevelen holder lyset :$bkriminalroman$cKarin Fossum
=260  \\$a[Oslo]$bCappelen$c1999
=300  \\$a232 s.
=490  1\$aCap spenningens mestere
=500  \\$a1. utg. 1998
=500  \\$aOpplagshistorikk:  Denne utg., 2. oppl. 2000; 3. oppl. 2001 (Nkr 79.00)
=533  \\$aElektronisk reproduksjon$b[Norge]$cNasjonalbiblioteket Digital$d2008-09-03
=653  \\$askjønnlitteratur$akriminalroman
=830  \0$aCap spenningens mestere
=852  8\$b0030100$cg00005$hNA/A 1999:5287
=852  8\$b0030100$cg00005$hNA/A 2000:4599
=852  8\$b0183334$cg00001
=856  40$3$yNB Digital$uhttp://urn.nb.no/URN:NBN:no-nb_digibok_2008090300132$z
=856  41$3Fulltekst$uhttps://urn.nb.no/URN:NBN:no-nb_digibok_2008090300132$yNettbiblioteket$zDigital representasjon
=856  42$3Forlagets beskrivelse (lang)$uhttps://contents.bibs.aws.unit.no/?isbn=8202188121
=859  \\$a0030100$bg00005$cNA/A 1999:5287$f0$h0$x2015-10-31
=859  \\$a0030100$bg00005$cNA/A 2000:4599$f0$h0$x2015-10-31
=859  \\$a0183334$bg00001$f0$h0$x2015-10-31
=876  \\$a00ga14872$jkat$p00ga14872$r00ga14872$wBOOK$z(h.) (2. oppl. 2000) (Til bruk på NB Oslos lesesal)
=876  \\$a99ga15704$d19990927$jkat$p99ga15704$r99ga15704$wBOOK$z(h.) (Til bruk på NB Oslos lesesal)
=876  \\$a99sa12920$d19990824$jkat$p99sa12920$r99sa12920$wBOOK
=901  \\$a90
=913  \\$aNorbok$bNB

