=LDR  01847cam a2200493 c 4500
=001  999913902024702202
=005  20231230042159.0
=007  cr||||||||||||
=007  ta
=008  110826s1999\\\\no#|||||\|||||000|1|nob|\
=014  1\$a991390202$b(NO-TrBIB)
=014  1\$a991390202$b(NO-TrBIB)
=015  \\$a9911086$2nbf
=020  \\$a8202188288$qh.$cNkr 98.00
=035  \\$a(EXLNZ-47BIBSYS_NETWORK)999913902024702201
=035  \\$a(NO-TrBIB)093766165
=035  \\$a(NO-TrBIB)991390202
=035  \\$a991390202-47bibsys_network
=035  \\$a99ga15684-47bibsys_nb
=035  \\$a99sa13226-47bibsys_nb
=040  \\$aNO-OsNB$bnob$ekatreg
=042  \\$anorbibl
=044  \\$cno
=082  74$a839.823$qNO-OsNB$24/nor
=100  1\$aFossum, Karin$d1954-$0(NO-TrBIB)90608300
=245  10$aEvas øye$cKarin Fossum
=260  \\$a[Oslo]$bCappelen$c1999
=300  \\$a295 s.
=490  1\$aCUB
=500  \\$a1. utg. 1995
=533  \\$aElektronisk reproduksjon$b[Norge]$cNasjonalbiblioteket Digital$d2008-09-18
=830  \0$aCUB
=852  8\$b0030100$cg00005$hNA/A 1999:5209
=852  8\$b0183334$cg00001
=856  40$3$yNB Digital$uhttp://urn.nb.no/URN:NBN:no-nb_digibok_2008091800094$z
=856  41$3Fulltekst$uhttps://urn.nb.no/URN:NBN:no-nb_digibok_2008091800094$yNettbiblioteket$zDigital representasjon
=856  42$3Forlagets beskrivelse (lang)$uhttps://contents.bibs.aws.unit.no/?isbn=8202188288
=856  42$3Forlagets beskrivelse (lang)$uhttps://contents.bibs.aws.unit.no/content/?isbn=9788202188283
=859  \\$a0030100$bg00005$cNA/A 1999:5209$f0$h0$x2015-10-31
=859  \\$a0183334$bg00001$f0$h0$x2015-10-31
=876  \\$a99ga15684$d19990927$jkat$p99ga15684$r99ga15684$wBOOK$z(h.) (Til bruk på NB Oslos lesesal)
=876  \\$a99sa13226$d19990830$jkat$p99sa13226$r99sa13226$wBOOK
=901  \\$a90
=913  \\$aNorbok$bNB

