=LDR  01859cam a2200505 c 4500
=001  999914567504702202
=005  20230401182942.0
=007  cr||||||||||||
=007  ta
=008  120816s1999\\\\no#|||||\|||||000|1|nob|\
=014  1\$a991456750$b(NO-TrBIB)
=014  1\$a991456750$b(NO-TrBIB)
=015  \\$a9911085$2nbf
=020  \\$a8202188148$qib.$cNkr 149.00
=035  \\$a(EXLNZ-47BIBSYS_NETWORK)999914567504702201
=035  \\$a(NO-TrBIB)100174590
=035  \\$a(NO-TrBIB)991456750
=035  \\$a991456750-47bibsys_network
=035  \\$a99ga15682-47bibsys_nb
=035  \\$a99sa14054-47bibsys_nb
=040  \\$aNO-OsNB$bnob$ekatreg
=042  \\$anorbibl
=044  \\$cno
=082  04$a839.82$223
=082  74$a839.823$qNO-OsNB$24/nor
=084  \\$aS 4b$2oosk
=100  1\$aFossum, Karin$d1954-$0(NO-TrBIB)90608300
=245  10$aDjevelen holder lyset :$bkriminalroman$cKarin Fossum
=260  \\$a[Oslo]$bCappelen$c1999
=300  \\$a232 s.
=490  1\$aCappelens storbøker
=500  \\$a1. utg. 1998
=533  \\$aElektronisk reproduksjon$b[Norge]$cNasjonalbiblioteket Digital$d2010-01-12
=830  \0$aCappelens storbøker
=852  8\$b0030100$cg00005$hNA/A 1999:5295
=852  8\$b0183334$cg00001
=856  40$3$yNB Digital$uhttp://urn.nb.no/URN:NBN:no-nb_digibok_2010011200001$z
=856  41$3Fulltekst$uhttps://urn.nb.no/URN:NBN:no-nb_digibok_2010011200001$yNettbiblioteket$zDigital representasjon
=856  42$3Forlagets beskrivelse (lang)$uhttps://contents.bibs.aws.unit.no/?isbn=8202188148
=859  \\$a0030100$bg00005$cNA/A 1999:5295$f0$h0$x2015-10-31
=859  \\$a0183334$bg00001$f0$h0$x2015-10-31
=876  \\$a99ga15682$d19990927$jkat$p99ga15682$r99ga15682$wBOOK$z(ib.) (Til bruk på NB Oslos lesesal)
=876  \\$a99sa14054$d19990914$jkat$p99sa14054$r99sa14054$wBOOK
=901  \\$a90
=913  \\$aNorbok$bNB

