=LDR  02350cam a2200565 c 4500
=001  999915878044702202
=005  20230601094907.0
=007  cr||||||||||||
=007  ta
=008  151023s1999\\\\no#|||||\|||||000|f|nob|\
=014  1\$a991587804$b(NO-TrBIB)
=014  1\$a991587804$b(NO-TrBIB)
=015  \\$a9911699$2nbf
=020  \\$a8202177065$qib.$qCappelens bokklubb
=020  \\$a8202188253$qib.$qCappelen$cNkr 349.00
=035  \\$a(EXLNZ-47BIBSYS_NETWORK)999915878044702201
=035  \\$a(NO-TrBIB)092520723
=035  \\$a(NO-TrBIB)991587804
=035  \\$a991587804-47bibsys_network
=035  \\$a99ga17495-47bibsys_nb
=035  \\$a99sa15797-47bibsys_nb
=040  \\$aNO-OsNB$bnob$ekatreg
=042  \\$anorbibl
=044  \\$cno
=080  \\$a839.6
=082  04$a839.82$223
=082  74$a839.823$qNO-OsNB$24/nor
=084  \\$aS 4b$2oosk
=100  1\$aFossum, Karin$d1954-$0(NO-TrBIB)90608300
=245  10$aDe gales hus :$broman$cKarin Fossum
=260  \\$a[Oslo]$bCappelen$c1999
=300  \\$a371 s.
=500  \\$aOpplagshistorikk:  [Nytt oppl.] 2001; [Nytt oppl.] 2002
=533  \\$aElektronisk reproduksjon$b[Norge]$cNasjonalbiblioteket Digital$d2008-09-01
=650  \2$aHospitals, Psychiatric
=650  \2$aMental Disorders
=653  \\$askjønnlitteratur$apsykiske$alidelser$amental$ahelse$apsykiatriske$asykehus$anorske$aromaner$a1990-tallet$apsykiatri$aspiseforstyrrelser$aanoreksi$ainstitusjoner$apasienter$adepresjoner
=655  \7$aRomaner$0(uri)https://id.nb.no/vocabulary/ntsf/258$2ntsf
=852  8\$b0030100$cg00005$hNA/A 1999:5859
=852  8\$b0183334$cg00001
=856  40$3$yNB Digital$uhttp://urn.nb.no/URN:NBN:no-nb_digibok_2008090104009$z
=856  41$3Fulltekst$uhttps://urn.nb.no/URN:NBN:no-nb_digibok_2008090104009$yNettbiblioteket$zDigital representasjon
=856  42$3Forlagets beskrivelse (lang)$uhttps://contents.bibs.aws.unit.no/?isbn=8202188253
=856  42$3Forlagets beskrivelse (lang)$uhttps://contents.bibs.aws.unit.no/content/?isbn=9788202188252
=859  \\$a0030100$bg00005$cNA/A 1999:5859$f0$h0$x2015-10-31
=859  \\$a0183334$bg00001$f0$h0$x2015-10-31
=876  \\$a99ga17495$d19991022$jkat$p99ga17495$r99ga17495$wBOOK$z(ib.) (Til bruk på NB Oslos lesesal)
=876  \\$a99sa15797$d19991012$jkat$p99sa15797$r99sa15797$wBOOK
=901  \\$a90
=913  \\$aNorbok$bNB

