=LDR  01266cam a2200373 c 4500
=001  999916170374702202
=005  20160622113854.0
=007  ta
=008  110826s1998\\\\xx#|||||||||||000|1|swe|\
=014  1\$a991617037$b(NO-TrBIB)
=015  \\$a0005972$2nbf
=020  \\$a9157454248$qib.
=035  \\$a(EXLNZ-47BIBSYS_NETWORK)999916170374702201
=035  \\$a(NO-TrBIB)991617037
=035  \\$a991617037-47bibsys_network
=035  \\$a99ga16942-47bibsys_nb
=040  \\$aNO-OsNB$bnob$ekatreg
=041  1\$hnob
=042  \\$anorbibl
=044  \\$cse
=082  74$a839.823$qNO-OsNB$24/nor
=100  1\$aFossum, Karin$d1954-$0(NO-TrBIB)90608300
=245  10$aEvas öga$cKarin Fossum ; översättning Helena och Ulf Örnkloo
=246  1\$aEvas øye$iOriginaltittel
=260  \\$aStockholm$bUtbildningsförlaget Brevskolan$c1998
=300  \\$a220 s.
=500  \\$a"Denna utgåva är gjord speciellt för Medlemsbokens medlemmar ..." - Tittelbladets bakside
=852  8\$b0030100$cg00005$hNA/A 2000:728
=859  \\$a0030100$bg00005$cNA/A 2000:728$f0$h0$x2015-10-31
=876  \\$a99ga16942$d20000216$jkat$p99ga16942$r99ga16942$wBOOK$xHe$z(ib.) (Til bruk på NB Oslos lesesal)
=901  \\$a90
=913  \\$aNorbok$bNB
=960  \\$an$9LOCAL
=997  \\$an$9LOCAL

