=LDR  01192cam a2200385 c 4500
=001  999916353964702202
=005  20160622113901.0
=007  ta
=008  110826s1998\\\\xx#|||||||||||000|1|ice|\
=014  1\$a991635396$b(NO-TrBIB)
=015  \\$a0005646$2nbf
=020  \\$a9979316411$qh.
=035  \\$a(EXLNZ-47BIBSYS_NETWORK)999916353964702201
=035  \\$a(NO-TrBIB)991635396
=035  \\$a991635396-47bibsys_network
=035  \\$a99ga17311-47bibsys_nb
=040  \\$aNO-OsNB$bnob$ekatreg
=041  1\$hnob
=042  \\$anorbibl
=044  \\$cis
=082  74$a839.823$qNO-OsNB$24/nor
=100  1\$aFossum, Karin$d1954-$0(NO-TrBIB)90608300
=245  10$aAuga Evu$cKarin Fossum ; Sigríður Halldórsdóttir þýddi
=246  1\$aEvas øye$iOriginaltittel
=260  \\$aReykjavík$bÍslenski kiljuklúbburinn$c1998
=300  \\$a250 s.
=490  1\$aUglan
=830  \0$aUglan
=852  8\$b0030100$cg00005$hNA/A 2000:477
=859  \\$a0030100$bg00005$cNA/A 2000:477$f0$h0$x2015-10-31
=876  \\$a99ga17311$d20000126$jkat$p99ga17311$r99ga17311$wBOOK$xBDS$z(h.) (Til bruk på NB Oslos lesesal)
=901  \\$a90
=913  \\$aNorbok$bNB
=960  \\$an$9LOCAL
=997  \\$an$9LOCAL

