=LDR  01099cim a2200313 c 4500
=001  999916664884702202
=005  20200304073356.0
=007  ss#l||||||||||
=008  110826s1999\\\\no\||||e\\\\\\\\\|\|nob|\
=014  1\$a991666488$b(NO-TrBIB)
=020  \\$a8278440794
=035  \\$a(EXLNZ-47BIBSYS_NETWORK)999916664884702201
=035  \\$a(NO-TrBIB)991666488
=035  \\$a991666488-47bibsys_network
=035  \\$a99sa16956-47bibsys_nb
=040  \\$aNO-OsNB$bnob$ekatreg
=082  04$a839.82374$223/nor$qNO-OsNB
=100  1\$aFossum, Karin$d1954-$0(NO-TrBIB)90608300$4aut
=245  10$aDe gales hus$cKarin Fossum$h[lydopptak]
=260  \\$aBillingstad$bFono$ccop. 1999
=300  \\$a10 kassetter (14 t)$ci eske
=511  0\$aLest av Kirsti Grundvig
=700  \\$aGrundvig, Kirsti$d1947-$0(NO-TrBIB)4058451$4nrt
=852  8\$b0030100$cg00005$hNA/A 2020:2055
=852  8\$b0183334$cg00001$hKA 2002 0193 - 0202
=859  \\$a0183334$bg00001$cKA 2002 0193 - 0202$f0$h0$x2015-10-31
=876  \\$a99sa16956$d19991221$jkat$mMAGN$p99sa16956$r99sa16956$wAUDIOCASSETT
=901  \\$a80
=913  \\$aNorbok$bNB

