=LDR  01125nam a2200289 c 4500
=001  999919819193202202
=005  20230601095332.0
=007  ta
=008  151222s2015\\\\no\\\\\|\|||||00||f\nob|\
=020  \\$a978-82-02-47864-3$qh.$cNkr 99.90
=035  \\$a(EXLNZ-47BIBSYS_NETWORK)999920049484602201
=040  \\$aNO-OsNB$bnob$ekatreg
=082  04$a839.823$223/nor$qNO-OsNB
=100  1\$aFossum, Karin$d1954-$0(NO-TrBIB)90608300$4aut
=245  10$aSvarte sekunder$cKarin Fossum
=260  \\$bCappelen  Damm$c2015$a[Oslo]
=300  \\$a270 s.$c18 cm
=490  1\$aEn Konrad Sejer-krim
=500  \\$a1. utg. 2002
=533  \\$aElektronisk reproduksjon$b[Norge]$cNasjonalbiblioteket Digital$d2020-11-20
=655  \7$aRomaner$0(uri)https://id.nb.no/vocabulary/ntsf/258$2ntsf
=800  1\$aFossum, Karin$d1954-$tEn Konrad Sejer-krim
=852  8\$b0030100$cg00005$hNA/A 2016:187
=852  8\$b0183334$cg00001
=856  40$3$yNB Digital$uhttp://urn.nb.no/URN:NBN:no-nb_digibok_2020100807688$z
=856  41$3Fulltekst$uhttps://urn.nb.no/URN:NBN:no-nb_digibok_2020100807688$yNettbiblioteket$zDigital representasjon
=913  \\$aNorbok$bNB

