=LDR  01358nam a2200337 i 4500
=001  999919821904802202
=005  20230601095421.0
=007  ta
=008  160105s2015\\\\ko\\\\\e\|||||000\f\kor\\
=020  \\$a978-89-5660-929-4$qh.
=035  \\$a(EXLNZ-47BIBSYS_NETWORK)999920052685102201
=040  \\$aNO-OsNB$bnob$ekatreg
=041  1\$akor$hnob
=082  04$a839.823$223/nor$qNO-OsNB
=100  1\$aFossum, Karin$d1954-$0(NO-TrBIB)90608300$4aut
=245  10$aPalsinja /$cK'arin P'osum changp'yŏn sosŏl ; Ch'oe P'ir-wŏn omgim
=246  1\$aVarsleren$iOriginaltittel:
=260  \\$aSŏul T'ŭkpyŏlsi$bŬnhaeng Namu,$c2015
=300  \\$a307 s.$c21 cm
=490  1\$aMaedŭ p'iksyŏn k'ŭllŏp
=533  \\$aElektronisk reproduksjon$b[Norge]$cNasjonalbiblioteket Digital$d2022-12-02
=655  \7$aRomaner$0(uri)https://id.nb.no/vocabulary/ntsf/258$2ntsf
=700  1\$aCh'oe, P'ir-wŏn$0(NO-TrBIB)1498562805434$4trl
=765  0\$tVarsleren$w990925566714702201$z978-82-02-30846-9
=830  \0$aMaedŭ p'iksyŏn k'ŭllŏp
=852  8\$b0030100$cg00005$hNA/A 2017:5773
=856  40$3$yNB Digital$uhttp://urn.nb.no/URN:NBN:no-nb_digibok_2022112548039$z
=856  41$3Fulltekst$uhttps://urn.nb.no/URN:NBN:no-nb_digibok_2022112548039$yNettbiblioteket$zDigital representasjon
=913  \\$aNorbok$bNB
=913  \\$aNORLA$bNB
=960  \\$an$9local

