=LDR  01464nam a2200397 c 4500
=001  999919827104702202
=005  20230601095629.0
=007  ta
=008  160125s2015\\\\bu\\\\\e\|||||000\f\bul\\
=020  \\$a978-954-357-321-9$qheftet
=035  \\$a(EXLNZ-47BIBSYS_NETWORK)999920065694802201
=040  \\$aNO-OsNB$bnob$erda
=041  1\$abul$hnob
=082  04$a839.8374$223/nor$qNO-OsNB
=100  1\$aFossum, Karin$d1954-$0(NO-TrBIB)90608300$4aut
=245  10$6880-01$aIndijskata sŭpruga$cKarin Fosum ; prevela ot norvežki: Eva Kŭneva
=880  10$6245-01/(N$aИндийската съпруга$cКарин Фосум ; превела от норвежки Ева Кънева
=246  1\$aElskede Poona$iOriginaltittel:
=250  \\$aI izdanie
=264  \1$a[Sofija] :$bEMAS,$c[2015]
=300  \\$a316 sider$c21 cm
=336  \\$atekst$2rdaco
=337  \\$auformidlet$2rdamt
=338  \\$abind$2rdact
=490  1\$6880-02$aKriminale$v22
=880  1\$6490-02/(N$aКриминале$v22
=500  \\$aPå omslaget: петият случай на инспектор Конрад Сейер
=536  \\$aNORLA
=655  \7$aRomaner$0(uri)https://id.nb.no/vocabulary/ntsf/258$2ntsf
=700  1\$aKŭneva, Eva$d1985-$0(NO-TrBIB)10039674$4trl
=765  0\$tElskede Poona$w990011580154702201$z82-02-20135-7
=830  \0$aKriminale$v22
=852  8\$b0030100$cg00005$hNA/A 2017:1276
=913  \\$aNorbok$bNB
=913  \\$aNORLA$bNB
=960  \\$an$9local

