=LDR  01188nam a2200289 c 4500
=001  999919840495802202
=005  20230601101125.0
=007  ta
=008  160512s2016\\\\no\\\\\|\|||||00||f\nob|\
=020  \\$a978-82-02-50587-5$qh.$cNkr 99.90
=035  \\$a(EXLNZ-47BIBSYS_NETWORK)999920105767102201
=040  \\$aNO-OsNB$bnob$ekatreg
=082  04$a839.823$223/nor$qNO-OsNB
=100  1\$aFossum, Karin$d1954-$0(NO-TrBIB)90608300$4aut
=245  10$aDen som elsker noe annet$cKarin Fossum
=260  \\$a[Oslo]$bCappelen Damm$c2016
=300  \\$a226 s.$c18 cm
=490  1\$aEn Konrad Sejer-roman
=500  \\$a1. utg. Oslo : Cappelen, 2007
=533  \\$aElektronisk reproduksjon$b[Norge]$cNasjonalbiblioteket Digital$d2020-09-02
=655  \7$aRomaner$0(uri)https://id.nb.no/vocabulary/ntsf/258$2ntsf
=800  1\$aFossum, Karin$d1954-$tFossum, Karin$tEn Konrad Sejer-roman$0(NO-TrBIB)90608300
=852  8\$b0030100$cg00005$hNA/A 2016:5314
=852  8\$b0183334$cg00001
=856  40$3$yNB Digital$uhttp://urn.nb.no/URN:NBN:no-nb_digibok_2020082007052$z
=856  41$3Fulltekst$uhttps://urn.nb.no/URN:NBN:no-nb_digibok_2020082007052$yNettbiblioteket$zDigital representasjon
=913  \\$aNorbok$bNB

