=LDR  01905nam a2200397 c 4500
=001  999919841452102202
=005  20231115120412.0
=007  ta
=008  160602s2016\\\\xxk\\\\e\|||||000\f\eng|\
=020  \\$a978-0-099-59362-1$qh.
=035  \\$a(EXLNZ-47BIBSYS_NETWORK)999920116593002201
=040  \\$aNO-OsNB$bnob$ekatreg
=041  0\$aeng$hnob
=082  04$a839.823$223/nor$qNO-OsNB
=100  1\$aFossum, Karin$d1954-$0(NO-TrBIB)90608300$4aut
=245  14$aThe drowned boy$cKarin Fossum ; translated from the Norwegian by Kari Dickson
=246  11$aCarmen Zita og døden$iOriginaltittel:
=260  \\$aLondon$bVintage$c2016
=300  \\$a243 s.$c20 cm
=500  \\$a"The new Inspector Sejer novel" - Omslaget
=533  \\$aElektronisk reproduksjon$b[Norge]$cNasjonalbiblioteket Digital$d2022-10-31
=536  \\$aNORLA
=655  \7$aRomaner$0(uri)https://id.nb.no/vocabulary/ntsf/258$2ntsf
=700  1\$aDickson, Kari$d1966-$0(NO-TrBIB)12054336$4trl
=765  0\$tCarmen Zita og døden$w991320215364702201
=852  8\$b0030100$cg00005$hNA/A 2017:6469
=856  40$3$yNB Digital$uhttp://urn.nb.no/URN:NBN:no-nb_digibok_2022102048062$z
=856  41$3Fulltekst$uhttps://urn.nb.no/URN:NBN:no-nb_digibok_2022102048062$yNettbiblioteket$zDigital representasjon
=856  42$3Forlagets beskrivelse (kort)$uhttps://contents.bibs.aws.unit.no/content/?isbn=9780099593621
=856  42$3Forlagets beskrivelse (lang)$uhttps://contents.bibs.aws.unit.no/content/?isbn=9780099593621
=856  42$3Miniatyrbilde$uhttps://contents.bibs.aws.unit.no/files/images/small/1/2/9780099593621.jpg$qimage/jpeg
=856  42$3Omslagsbilde$uhttps://contents.bibs.aws.unit.no/files/images/large/1/2/9780099593621.jpg$qimage/jpeg
=856  42$3Originalt bilde$uhttps://contents.bibs.aws.unit.no/files/images/original/1/2/9780099593621.jpg$qimage/jpeg
=913  \\$aNorbok$bNB
=913  \\$aNORLA$bNB
=960  \\$an$9local

