=LDR  01353nam a2200337 c 4500
=001  999919841452502202
=005  20230601101321.0
=007  ta
=008  160602s2016\\\\xxk\\\\ed|||||000\f\eng|\
=020  \\$a978-1-78541-184-7$qib.
=035  \\$a(EXLNZ-47BIBSYS_NETWORK)999920116593502201
=040  \\$aNO-OsNB$bnob$ekatreg
=041  1\$aeng$hnob
=082  04$a839.8238$223/nor$qNO-OsNB
=100  1\$aFossum, Karin$d1954-$0(NO-TrBIB)90608300$4aut
=245  14$aThe murder of Harriet Krohn$cKarin Fossum ; translated from the Norwegian by James Anderson
=246  1\$iOriginaltittel:$aDrapet på Harriet Krohn
=260  \\$aAnstey$bF.A. Thorpe$c2016
=300  \\$a287 s.$c24 cm
=490  1\$aISIS Large Print
=533  \\$aElektronisk reproduksjon$b[Norge]$cNasjonalbiblioteket Digital$d2022-10-05
=655  \7$aRomaner$0(uri)https://id.nb.no/vocabulary/ntsf/258$2ntsf
=700  1\$aAnderson, James$0(NO-TrBIB)13060080$4trl
=765  0\$tDrapet på Harriet Krohn$w990417281144702201$z82-02-24065-4
=830  \0$aISIS Large Print
=852  8\$b0030100$cg00005$hNA/A 2018:11471
=856  40$3$yNB Digital$uhttp://urn.nb.no/URN:NBN:no-nb_digibok_2022082448103$z
=856  41$3Fulltekst$uhttps://urn.nb.no/URN:NBN:no-nb_digibok_2022082448103$yNettbiblioteket$zDigital representasjon
=913  \\$aNorbok$bNB
=913  \\$aNORLA$bNB
=960  \\$an$9local

