=LDR  00949nam a2200277 c 4500
=001  999919841462602202
=005  20230601101251.0
=007  ta
=008  160601s2016\\\\dk\\\\\|\\\\\\000\f\dan\\
=020  \\$a978-87-02-17543-1$qib.
=035  \\$a(EXLNZ-47BIBSYS_NETWORK)999920113410502201
=040  \\$aNO-OsNB$bnob$ekatreg
=041  1\$adan$hnob
=082  04$a839.823$223/nor$qNO-OsNB
=100  1\$aFossum, Karin$d1954-$0(NO-TrBIB)90608300$4aut
=245  10$aHelvedesilden :$broman /$cKarin Fossum ; på dansk ved Poul Bratbjerg Hansen
=246  1\$iOriginaltittel:$aHelvetesilden
=260  \\$a[København] :$bGyldendal,$c2016
=300  \\$a228 s.$c22 cm
=655  \7$aRomaner$0(uri)https://id.nb.no/vocabulary/ntsf/258$2ntsf
=700  1\$aBratbjerg Hansen, Poul$0(NO-TrBIB)12031435$4trl
=765  0\$tHelvetesilden$w991334555994702201
=852  8\$b0030100$cg00005$hNA/A 2016:6041
=913  \\$aNorbok$bNB
=913  \\$aNORLA$bNB
=960  \\$an$9local

