=LDR  01182nam a2200289 c 4500
=001  999919843791602202
=005  20230601101435.0
=007  ta
=008  160622s2016\\\\no\\\\\|\|||||00||f\nob|\
=020  \\$a978-82-02-50588-2$qh.$cNkr 99.90
=035  \\$a(EXLNZ-47BIBSYS_NETWORK)999920132546202201
=040  \\$aNO-OsNB$bnob$ekatreg
=082  04$a839.823$223/nor$qNO-OsNB
=100  1\$aFossum, Karin$d1954-$0(NO-TrBIB)90608300$4aut
=245  14$aDen onde viljen$cKarin Fossum
=260  \\$a[Oslo]$bCappelen Damm$c2016
=300  \\$a191 s.$c18 cm
=490  1\$aEn Konrad Sejer-roman$v[9]
=500  \\$a1. utg. 2008
=533  \\$aElektronisk reproduksjon$b[Norge]$cNasjonalbiblioteket Digital$d2020-08-30
=655  \7$aRomaner$0(uri)https://id.nb.no/vocabulary/ntsf/258$2ntsf
=800  1\$aFossum, Karin$d1954-$tEn Konrad Sejer-krim$v9$0(NO-TrBIB)90608300
=852  8\$b0030100$cg00005$hNA/A 2016:6653
=852  8\$b0183334$cg00001$xRetur UB Oslo 30-08-17  AL
=856  40$3$yNB Digital$uhttp://urn.nb.no/URN:NBN:no-nb_digibok_2020081707112$z
=856  41$3Fulltekst$uhttps://urn.nb.no/URN:NBN:no-nb_digibok_2020081707112$yNettbiblioteket$zDigital representasjon
=913  \\$aNorbok$bNB

