=LDR  01469cam a2200313 c 4500
=001  999919844201602202
=005  20230315094100.0
=007  ta
=008  110826s2004\\\\xx\|||||||||||000|f|eng|d
=020  \\$a9780099455226$qh.
=035  \\$a(EXLNZ-47BIBSYS_NETWORK)991012279224702201
=035  \\$a(NO-TrBIB)101227922
=035  \\$a101227922-47bibsys_network
=040  \\$aNO-TrBIB$bnob$ekatreg
=041  1\$hnob
=044  \\$cus
=100  1\$aFossum, Karin$d1954-$0(NO-TrBIB)90608300
=245  10$aHe who fears the wolf$cKarin Fossum ; translated from the Norwegian by Felicity David
=246  1\$aDen som frykter ulven$iOriginaltittel
=260  \\$aLondon$bVintage books$c2004
=300  \\$a387 s.
=856  42$3Forlagets beskrivelse (kort)$uhttps://contents.bibs.aws.unit.no/?isbn=0099455226
=856  42$3Forlagets beskrivelse (kort)$uhttps://contents.bibs.aws.unit.no/content/?isbn=9780099455226
=856  42$3Forlagets beskrivelse (lang)$uhttps://contents.bibs.aws.unit.no/?isbn=0099455226
=856  42$3Forlagets beskrivelse (lang)$uhttps://contents.bibs.aws.unit.no/content/?isbn=9780099455226
=856  42$3Omslagsbilde$uhttps://contents.bibs.aws.unit.no/files/images/large/6/2/9780099455226.jpg$qimage/jpeg
=856  42$3Omslagsbilde$uhttps://contents.bibs.aws.unit.no/files/images/small/6/2/9780099455226.jpg$qimage/jpeg
=856  42$3Originalt bilde$uhttps://contents.bibs.aws.unit.no/files/images/original/6/2/9780099455226.jpg$qimage/jpeg
=901  \\$a80

