=LDR  01307nam a2200325 c 4500
=001  999919844497102202
=005  20230601101538.0
=007  ta
=008  160627s2002\\\\sw\\\\\e\|||||00|\f\swe|\
=020  \\$a91-43-01095-4$qib.
=035  \\$a(EXLNZ-47BIBSYS_NETWORK)999920133867402201
=040  \\$aNO-OsNB$bnob$ekatreg
=041  1\$aswe$hnob
=082  04$a839.82374$223/nor$qNO-OsNB
=100  1\$aFossum, Karin$d1954-$0(NO-TrBIB)90608300$4aut
=245  10$aÄlskade Poona$cKarin Fossum ; översättning av Helena och Ulf Örnkloo
=246  1\$iOriginaltittel:$aElskede Poona
=260  \\$a[Stockholm]$bBonnier$c2002
=300  \\$a250 s.$c22 cm
=533  \\$aElektronisk reproduksjon$b[Norge]$cNasjonalbiblioteket Digital$d2022-10-29
=655  \7$aRomaner$0(uri)https://id.nb.no/vocabulary/ntsf/258$2ntsf
=700  1\$aÖrnkloo, Helena$0(NO-TrBIB)11042884$4trl
=700  1\$aÖrnkloo, Ulf$d1934-$0(NO-TrBIB)90137513$4trl
=765  \\$tElskede Poona : kriminalroman$w990011580154702201
=852  8\$b0030100$cg00005$hNA/A 2018:5163
=856  40$3$yNB Digital$uhttp://urn.nb.no/URN:NBN:no-nb_digibok_2022101748107$z
=856  41$3Fulltekst$uhttps://urn.nb.no/URN:NBN:no-nb_digibok_2022101748107$yNettbiblioteket$zDigital representasjon
=913  \\$aNorbok$bNB
=913  \\$aNORLA$bNB
=960  \\$an$9local

