=LDR  01318nam a2200325 c 4500
=001  999919844497202202
=005  20230601101539.0
=007  ta
=008  160627s2000\\\\sw\\\\\e\|||||000\f\swe|\
=020  \\$a91-43-01037-7$qh.
=035  \\$a(EXLNZ-47BIBSYS_NETWORK)999920133867602201
=040  \\$aNO-OsNB$bnob$ekatreg
=041  0\$aswe$hnob
=082  04$a839.823$223/nor$qNO-OsNB
=100  1\$aFossum, Karin$d1954-$0(NO-TrBIB)90608300$4aut
=245  10$aDen som fruktar vargen$cKarin Fossum ; översättning av Helena och Ulf Örnkloo
=246  11$aDen som frykter ulven$iOriginaltittel:
=260  \\$a[Stockholm]$bBonnierförl.$c2000
=300  \\$a209 s.$c22 cm
=533  \\$aElektronisk reproduksjon$b[Norge]$cNasjonalbiblioteket Digital$d2022-10-17
=655  \7$aRomaner$0(uri)https://id.nb.no/vocabulary/ntsf/258$2ntsf
=700  1\$aÖrnkloo, Helena$0(NO-TrBIB)11042884$4trl
=700  1\$aÖrnkloo, Ulf$d1934-$0(NO-TrBIB)90137513$4trl
=765  0\$tDen som frykter ulven$w999710795794702201
=852  8\$b0030100$cg00005$hNA/A 2017:6468
=856  40$3$yNB Digital$uhttp://urn.nb.no/URN:NBN:no-nb_digibok_2022100648036$z
=856  41$3Fulltekst$uhttps://urn.nb.no/URN:NBN:no-nb_digibok_2022100648036$yNettbiblioteket$zDigital representasjon
=913  \\$aNorbok$bNB
=913  \\$aNORLA$bNB
=960  \\$an$9local

