=LDR  00966nam a2200289 c 4500
=001  999919847197602202
=005  20230601101757.0
=007  ta
=008  160714s2016\\\\ne\\\\\|\|||||000\f\dut\\
=020  \\$a978-94-6068-285-8$qh.
=035  \\$a(EXLNZ-47BIBSYS_NETWORK)999920139254902201
=040  \\$aNO-OsNB$bnob$ekatreg
=041  1\$adut$hnob
=082  04$a839.823$223/nor$qNO-OsNB
=100  1\$aFossum, Karin$d1954-$0(NO-TrBIB)90608300$4aut
=245  10$aVeenbrand :$bliteraire thriller$cKarin Fossum ; uit het Noors vertaald door Lucy Pijttersen
=246  1\$iOriginaltittel:$aHelvetesilden
=260  \\$aBaarn$bMarmer$c2016
=300  \\$a279 s.$c22 cm
=536  \\$aNORLA
=655  \7$aRomaner$0(uri)https://id.nb.no/vocabulary/ntsf/258$2ntsf
=700  1\$aPijttersen, Lucy$0(NO-TrBIB)11056474$4trl
=765  0\$tHelvetesilden$w991334555994702201
=852  8\$b0030100$cg00005$hNA/A 2016:5572
=913  \\$aNorbok$bNB
=913  \\$aNORLA$bNB
=960  \\$an$9local

