=LDR  01075nam a2200277 c 4500
=001  999919848997402202
=005  20230601101910.0
=007  ta
=008  160722s2016\\\\no\\\\\|\|||||00||f\nob|\
=020  \\$a978-82-02-50589-9$qh.$cNkr 99.90
=035  \\$a(EXLNZ-47BIBSYS_NETWORK)999920141183802201
=040  \\$aNO-OsNB$bnob$ekatreg
=082  04$a839.823$223/nor$qNO-OsNB
=100  1\$aFossum, Karin$d1954-$0(NO-TrBIB)90608300$4aut
=245  10$aVarsleren$cKarin Fossum
=260  \\$a[Oslo]$bCappelen Damm$c2016
=300  \\$a267 s.$c18 cm
=500  \\$a1. utg. 2009
=500  \\$aPå omslaget: En Konrad Sejer-roman
=533  \\$aElektronisk reproduksjon$b[Norge]$cNasjonalbiblioteket Digital$d2020-09-10
=655  \7$aRomaner$0(uri)https://id.nb.no/vocabulary/ntsf/258$2ntsf
=852  8\$b0030100$cg00005$hNA/A 2016:5347
=852  8\$b0183334$cg00001
=856  40$3$yNB Digital$uhttp://urn.nb.no/URN:NBN:no-nb_digibok_2020081807097$z
=856  41$3Fulltekst$uhttps://urn.nb.no/URN:NBN:no-nb_digibok_2020081807097$yNettbiblioteket$zDigital representasjon
=913  \\$aNorbok$bNB

