=LDR  02348nam a2200469 c 4500
=001  999919850903402202
=005  20240424095121.0
=007  ta
=008  160809s2016\\\\no\\\\\|\|||||00||f\nob|\
=020  \\$a978-82-02-52631-3$qib.$cNkr 379.00$qCappelen Damm
=020  \\$a978-82-525-8661-9$qib.$qBokklubben
=035  \\$a(EXLNZ-47BIBSYS_NETWORK)999920144095102201
=035  \\$a(FHS-SK)P07213
=040  \\$aNO-OsNB$bnob$ekatreg
=082  04$a839.823$223/nor$qNO-OsNB
=100  1\$aFossum, Karin$d1954-$0(NO-TrBIB)90608300$4aut
=245  10$aHviskeren :$broman$cKarin Fossum
=260  \\$a[Oslo]$bCappelen Damm$c2016
=300  \\$a333 s.$c22 cm
=533  \\$aElektronisk reproduksjon$b[Norge]$cNasjonalbiblioteket Digital$d2020-08-31
=655  \7$aRomaner$0(uri)https://id.nb.no/vocabulary/ntsf/258$2ntsf
=767  0\$tCea care șoptește$w999922296870002201$z978-606-8959-86-3
=767  0\$tDe fluisteraar : literaire thriller$w999920313140402201
=767  0\$tDie Stille bringt den Tod$w999920919022402201$z978-3-492-21854-2
=767  0\$tHviskeren$w999920383946502201
=767  0\$tKuiskaaja$w999922380059102201$z978-951-0-48399-2
=767  0\$tThe whisperer$w999920755877102201$z978-1-787-30094-1
=767  0\$tThe whisperer$w999920910492602201$z978-1-328-61419-3
=767  0\$tThe whisperer$w999920983494202201$z978-1-784-70939-6
=767  0\$tViskaren$w999920356989502201
=767  0\$tViskaren$w999920615963702201$z978-91-7503-832-2
=852  8\$b0030100$cg00005$hNA/A 2016:5852
=852  8\$b0183334$cg00001
=856  40$3$yNB Digital$uhttp://urn.nb.no/URN:NBN:no-nb_digibok_2020082007058$z
=856  41$3Fulltekst$uhttps://urn.nb.no/URN:NBN:no-nb_digibok_2020082007058$yNettbiblioteket$zDigital representasjon
=856  42$3Forlagets beskrivelse (kort)$uhttps://contents.bibs.aws.unit.no/?isbn=9788202526313
=856  42$3Forlagets beskrivelse (lang)$uhttps://contents.bibs.aws.unit.no/content/?isbn=9788202526313
=856  42$3Omslagsbilde$uhttps://contents.bibs.aws.unit.no/files/images/large/3/1/9788202526313.jpg$qimage/jpeg
=856  42$3Omslagsbilde$uhttps://contents.bibs.aws.unit.no/files/images/small/3/1/9788202526313.jpg$qimage/jpeg
=856  42$3Originalt bilde$uhttps://contents.bibs.aws.unit.no/files/images/original/3/1/9788202526313.jpg$qimage/jpeg
=913  \\$aNorbok$bNB
=913  \\$aNORLA$bNB

