=LDR  01322nam a2200337 i 4500
=001  999919852482102202
=005  20230402071100.0
=007  ta
=008  160825s2016\\\\ag\\\\\|\||||\000\f\spa|\
=020  \\$a978-987-725-154-8$qh.
=035  \\$a(EXLNZ-47BIBSYS_NETWORK)999920150847802201
=040  \\$aNO-OsNB$bnob$ekatreg
=041  1\$aspa$hnob
=082  04$a839.823$223/nor$qNO-OsNB
=100  1\$aFossum, Karin$d1954-$0(NO-TrBIB)90608300$4aut
=245  13$aEl ojo de Eva /$cKarin Fossum ; traducción de Kirsti Baggethun y Asunción Lorenzo Torres
=246  1\$iOriginaltittel:$aEvas øye
=260  \\$aBuenos Aires$bDebolsillo$c2016
=300  \\$a247 s.$c19 cm
=490  1\$aPoliciales de collección
=533  \\$aElektronisk reproduksjon$b[Norge]$cNasjonalbiblioteket Digital$d2022-10-11
=700  1\$aBaggethun, Kirsti$d1944-$0(NO-TrBIB)90584630$4trl
=700  1\$aLorenzo, Asunción$0(NO-TrBIB)6021783$4trl
=765  0\$tEvas øye$w999523438194702201
=830  \0$aPoliciales de collección
=852  8\$b0030100$cg00005$hNA/A 2017:1904
=856  40$3$yNB Digital$uhttp://urn.nb.no/URN:NBN:no-nb_digibok_2022092948021$z
=856  41$3Fulltekst$uhttps://urn.nb.no/URN:NBN:no-nb_digibok_2022092948021$yNettbiblioteket$zDigital representasjon
=913  \\$aNorbok$bNB
=913  \\$aNORLA$bNB
=960  \\$an$9local

