=LDR  01540nam a2200349 i 4500
=001  999919852483402202
=005  20230601102120.0
=007  ta
=008  160825s2016\\\\xxk\\\\|\|||||000\f\eng\\
=020  \\$a978-1-846-55940-2$qh.
=035  \\$a(EXLNZ-47BIBSYS_NETWORK)999920150850602201
=040  \\$aNO-OsNB$bnob$ekatreg
=041  1\$aeng$hnob
=082  04$a839.823$223/nor$qNO-OsNB
=100  1\$aFossum, Karin$d1954-$0(NO-TrBIB)90608300$4aut
=245  10$aHellfire$cKarin Fossum ; translated from the Norwegian by Kari Dickson
=246  1\$iOriginaltittel:$aHelvetesilden
=260  \\$aLondon :$bHarvill Secker,$ccop. 2016
=300  \\$a276 s.$c24 cm
=536  \\$aNORLA
=655  \7$aRomaner$0(uri)https://id.nb.no/vocabulary/ntsf/258$2ntsf
=700  1\$aDickson, Kari$d1966-$0(NO-TrBIB)12054336$4trl
=765  0\$tHelvetesilden$w991334555994702201
=852  8\$b0030100$cg00005$hNA/A 2016:8096
=856  42$3Forlagets beskrivelse (kort)$uhttps://contents.bibs.aws.unit.no/content/?isbn=9781846559402
=856  42$3Forlagets beskrivelse (lang)$uhttps://contents.bibs.aws.unit.no/content/?isbn=9781846559402
=856  42$3Miniatyrbilde$uhttps://contents.bibs.aws.unit.no/files/images/small/2/0/9781846559402.jpg$qimage/jpeg
=856  42$3Omslagsbilde$uhttps://contents.bibs.aws.unit.no/files/images/large/2/0/9781846559402.jpg$qimage/jpeg
=856  42$3Originalt bilde$uhttps://contents.bibs.aws.unit.no/files/images/original/2/0/9781846559402.jpg$qimage/jpeg
=913  \\$aNorbok$bNB
=913  \\$aNORLA$bNB
=960  \\$an$9local

