=LDR  01056nam a2200313 c 4500
=001  999919855894102202
=005  20230601102515.0
=007  ta
=008  160926s2016\\\\ci\\\\\e\|||||000\f\hrv\\
=020  \\$a978-953-7953-56-0$qh.
=035  \\$a(EXLNZ-47BIBSYS_NETWORK)999920163037602201
=040  \\$aNO-OsNB$bnob$ekatreg
=041  1\$ahrv$hnob
=082  04$a839.8238$223/nor$qNO-OsNB
=100  1\$aFossum, Karin$d1954-$0(NO-TrBIB)90608300$4aut
=245  10$aKad vrag drži svijeću /$cKarin Fossum ; s norveškog prevela Anja Majnarić
=246  11$iOriginaltittel:$aDjevelen holder lyset
=260  \\$aZagreb$bEdicije Božičević$c2016
=300  \\$a247 s.$c20 cm
=490  1\$aKreativna Europa
=536  \\$aNORLA
=655  \7$aRomaner$0(uri)https://id.nb.no/vocabulary/ntsf/258$2ntsf
=700  1\$aMajnarić, Anja$d1982-$0(NO-TrBIB)12021959$4trl
=765  0\$tDjevelen holder lyset$w999816816034702201
=830  0\$aKreativna Europa
=852  8\$b0030100$cg00005$hNA/A 2018:4176
=913  \\$aNorbok$bNB
=913  \\$aNORLA$bNB
=960  \\$an$9local

