=LDR  01330nim a2200289 c 4500
=001  999919856090202202
=005  20230228100348.0
=007  sd\f||||||||||
=008  160927s2016\\\\no\||nn|\\\|||\f\|\\nob|\
=020  \\$a978-82-02-52866-9$cNkr 379.00
=035  \\$a(EXLNZ-47BIBSYS_NETWORK)999920162941402201
=040  \\$aNO-OsNB$bnob$ekatreg
=082  04$a839.823$223/nor$qNO-OsNB
=100  1\$aFossum, Karin$d1954-$0(NO-TrBIB)90608300$4aut
=245  10$aHviskeren$h[lydopptak]$cKarin Fossum
=260  \\$a[Oslo]$bCappelen Damm$c2016
=300  \\$a9 CD-er (11 t, 16 min)$c12 cm,  i eske
=511  0\$aLest av Kim Haugen
=700  1\$aHaugen, Kim$d1958-$0(NO-TrBIB)98011890$4nrt
=852  8\$b0030100$cg00005$hNA/A 2017:1478
=852  8\$b0183334$cg00001
=856  42$3Forlagets beskrivelse (kort)$uhttps://contents.bibs.aws.unit.no/?isbn=9788202528669
=856  42$3Forlagets beskrivelse (lang)$uhttps://contents.bibs.aws.unit.no/content/?isbn=9788202528669
=856  42$3Omslagsbilde$uhttps://contents.bibs.aws.unit.no/files/images/large/9/6/9788202528669.jpg$qimage/jpeg
=856  42$3Omslagsbilde$uhttps://contents.bibs.aws.unit.no/files/images/small/9/6/9788202528669.jpg$qimage/jpeg
=856  42$3Originalt bilde$uhttps://contents.bibs.aws.unit.no/files/images/original/9/6/9788202528669.jpg$qimage/jpeg
=913  \\$aNorbok$bNB

