=LDR  01311nam a2200325 c 4500
=001  999919861902502202
=005  20230601103408.0
=007  ta
=008  161123s2016\\\\sp\\\\\e\|||||00|\f\spa|\
=020  \\$a978-84-9032-125-6$qh.
=035  \\$a(EXLNZ-47BIBSYS_NETWORK)999920196588202201
=040  \\$aNO-OsNB$bnob$ekatreg
=041  1\$aspa$hnob
=082  04$a839.8238$223/nor$qNO-OsNB
=100  1\$aFossum, Karin$d1954-$0(NO-TrBIB)90608300$4aut
=245  10$aPresagios$cKarin Fossum ; traducción de Kirsti Baggethun, Asunción Lorenzo
=246  10$iOriginaltittel:$aVarsleren
=260  \\$aBarcelona$bPenguin$c2016
=300  \\$a236 s.$c19 cm
=533  \\$aElektronisk reproduksjon$b[Norge]$cNasjonalbiblioteket Digital$d2022-09-19
=655  \7$aRomaner$0(uri)https://id.nb.no/vocabulary/ntsf/258$2ntsf
=700  1\$aBaggethun, Kirsti$d1944-$0(NO-TrBIB)90584630$4trl
=700  1\$aLorenzo, Asunción$0(NO-TrBIB)6021783$4trl
=765  0\$tVarsleren$w990925566714702201$z978-82-02-30846-9
=852  8\$b0030100$cg00005$hNA/A 2018:7902
=856  40$3$yNB Digital$uhttp://urn.nb.no/URN:NBN:no-nb_digibok_2022082248014$z
=856  41$3Fulltekst$uhttps://urn.nb.no/URN:NBN:no-nb_digibok_2022082248014$yNettbiblioteket$zDigital representasjon
=913  \\$aNorbok$bNB
=913  \\$aNORLA$bNB
=960  \\$an$9local

