=LDR  01347nam a2200325 c 4500
=001  999919861902702202
=005  20230601103409.0
=007  ta
=008  161123s2016\\\\xxu\\\\e\|\||\000\f\eng|\
=020  \\$a978-0-544-63337-7$qib.
=035  \\$a(EXLNZ-47BIBSYS_NETWORK)999920196588502201
=040  \\$aNO-OsNB$bnob$ekatreg
=041  1\$aeng$hnob
=082  04$a839.82374$223/nor$qNO-OsNB
=100  1\$aFossum, Karin$d1954-$0(NO-TrBIB)90608300$4aut
=245  10$aHell fire$cKarin Fossum ; translated from the Norwegian by Kari Dickson
=246  1\$iOriginaltittel:$aHelvetesilden
=260  \\$aBoston, [Mass.]$bHoughton Mifflin Harcourt$c2016
=300  \\$a256 s.$c24 cm
=490  1\$aAn inspector Sejer mystery
=655  \7$aRomaner$0(uri)https://id.nb.no/vocabulary/ntsf/258$2ntsf
=700  1\$aDickson, Kari$d1966-$0(NO-TrBIB)12054336$4trl
=765  0\$tHelvetesilden$w991334555994702201$z978-82-02-43824-1
=800  1\$aFossum, Karin$d1954-$tAn inspector Sejer mystery$0(NO-TrBIB)90608300$4aut
=852  8\$b0030100$cg00005$hNA/A 2018:8011
=856  42$3Miniatyrbilde$uhttps://contents.bibs.aws.unit.no/files/images/small/7/7/9780544633377.jpg$qimage/jpeg
=856  42$3Omslagsbilde$uhttps://contents.bibs.aws.unit.no/files/images/large/7/7/9780544633377.jpg$qimage/jpeg
=913  \\$aNorbok$bNB
=913  \\$aNORLA$bNB
=960  \\$an$9local

