=LDR  01605nam a2200373 c 4500
=001  999919862502402202
=005  20230601103439.0
=007  ta
=008  161128s2016\\\\ja\\\\\e\|||||000\f\jpn|\
=020  \\$a978-4-488-17405-7$qh.
=035  \\$a(EXLNZ-47BIBSYS_NETWORK)999920198089002201
=040  \\$aNO-OsNB$bnob$ekatreg
=041  1\$ajpn$anob
=082  04$a839.8238$223/nor$qNO-OsNB
=100  1\$aFossum, Karin$d1954-$0(NO-TrBIB)90608300$4aut
=245  10$6880-01$aHareta hi no mori ni shisu$cKârin Fossumu ; Narikawa Hiroko yaku
=880  10$6245-01/{dollar}1$a晴れた日の森に死す$cカーリン・フォッスム ; 成川裕子訳
=246  1\$aDen som frykter ulven$iOriginaltittel:
=260  \\$6880-02$aTokyo$bTokyo Sôgensha$c2016
=880  \\$6260-02/{dollar}1$a東京$b東京創元社$c2016
=300  \\$a381 s.$c15 cm
=490  1\$6880-03$aSôgen suiri bunko$vM-Fu-36-1
=880  1\$6490-03/{dollar}1$a創元推理文庫$vM-フ-36-1
=533  \\$aElektronisk reproduksjon$b[Norge]$cNasjonalbiblioteket Digital$d2022-10-27
=655  \7$aRomaner$0(uri)https://id.nb.no/vocabulary/ntsf/258$2ntsf
=700  10$aNarikawa, Hiroko$d1951-$0(NO-TrBIB)1523345893452$4trl
=765  0\$tDen som frykter ulven$w999710795794702201$z82-02-16738-8
=830  \0$aSôgen suiri bunko$vM-Fu-36-1
=852  8\$b0030100$cg00005$hNA/A 2018:5939
=856  40$3$yNB Digital$uhttp://urn.nb.no/URN:NBN:no-nb_digibok_2022082248054$z
=856  41$3Fulltekst$uhttps://urn.nb.no/URN:NBN:no-nb_digibok_2022082248054$yNettbiblioteket$zDigital representasjon
=913  \\$aNorbok$bNB
=913  \\$aNORLA$bNB
=960  \\$an$9local

