=LDR  01193nam a2200313 c 4500
=001  999919864797102202
=005  20230601103629.0
=007  ta
=008  161215s2007\\\\sw\\\\\|\|||||000\f\swe\\
=020  \\$a978-91-00-65360-6$qib.
=035  \\$a(EXLNZ-47BIBSYS_NETWORK)999920204373902201
=040  \\$aNO-OsNB$bnob$ekatreg
=041  1\$aswe$hnob
=082  04$a839.823$223/nor$qNO-OsNB
=100  1\$aFossum, Karin$d1954-$0(NO-TrBIB)90608300$4aut
=245  10$aBrott$cKarin Fossum ; översättning: Ulf Örnkloo
=246  1\$iOriginaltittel:$aBrudd
=260  \\$aStockholm$bForum$c2007
=300  \\$a274 s.$c22 cm
=533  \\$aElektronisk reproduksjon$b[Norge]$cNasjonalbiblioteket Digital$d2022-10-28
=655  \7$aRomaner$0(uri)https://id.nb.no/vocabulary/ntsf/258$2ntsf
=700  1\$aÖrnkloo, Ulf$d1934-$0(NO-TrBIB)90137513$4trl
=765  0\$tBrudd$w990605525224702201
=852  8\$b0030100$cg00005$hNA/A 2017:2102
=856  40$3$yNB Digital$uhttp://urn.nb.no/URN:NBN:no-nb_digibok_2022100648051$z
=856  41$3Fulltekst$uhttps://urn.nb.no/URN:NBN:no-nb_digibok_2022100648051$yNettbiblioteket$zDigital representasjon
=913  \\$aNorbok$bNB
=913  \\$aNORLA$bNB
=960  \\$an$9local

