=LDR  01011nam a2200313 i 4500
=001  999919870704402202
=005  20230601104408.0
=007  ta
=008  170220s2016\\\\xn\\\\\|\\\\\\000\f\mac\\
=020  \\$a978-608-243-190-1$qh.
=035  \\$a(EXLNZ-47BIBSYS_NETWORK)999920236494502201
=040  \\$aNO-OsNB$bnob$ekatreg
=041  1\$amac$hnob$keng
=082  04$a839.823$223/nor$qNO-OsNB
=100  1\$aFossum, Karin$d1954-$0(NO-TrBIB)90608300$4aut
=245  10$aKoj se plaši od volkot$cKarin Fosum ; prevod Nina Rudik
=246  1\$aDen som frykter ulven$iOriginaltittel:
=260  \\$aSkopje$bAntolog$c2016
=300  \\$a272 s.$c20 cm
=490  1\$aBiblioteka Branovi$vkn.152
=500  \\$aOversatt etter "He who fears the wolf"
=536  \\$aNORLA
=655  \7$aRomaner$0(uri)https://id.nb.no/vocabulary/ntsf/258$2ntsf
=765  0\$tDen som frykter ulven$w999710795794702201
=830  \0$aBranovi$vkn. 152
=852  8\$b0030100$cg00005
=913  \\$aNorbok$bNB
=913  \\$aNORLA$bNB
=960  \\$an$9local

