=LDR  01125nam a2200289 c 4500
=001  999919873591002202
=005  20231115120716.0
=007  ta
=008  170321s2017\\\\is\\\\\|\|||||00|\f\heb|\
=035  \\$a(EXLNZ-47BIBSYS_NETWORK)999920252768702201
=040  \\$aNO-OsNB$bnob$ekatreg
=041  1\$anob$hheb
=100  1\$aFossum, Karin$d1954-$0(NO-TrBIB)90608300$4aut
=245  13$aha-Mevaśer$cKarin Fossum  ; me-norṿegit: Rut Shapira
=246  1\$iOriginaltittel:$aVarsleren
=260  \\$aBen Shemen$bKeter$c2017
=300  \\$a263 s.$c21 cm
=533  \\$aElektronisk reproduksjon$b[Norge]$cNasjonalbiblioteket Digital$d2022-12-26
=655  \7$aRomaner$0(uri)https://id.nb.no/vocabulary/ntsf/258$2ntsf
=700  1\$aShapira, Rut$0(NO-TrBIB)1488830535593$4trl
=765  0\$tVarsleren$w990924909484702201
=852  8\$b0030100$cg00005$hNA/A 2017:2551
=856  40$3$yNB Digital$uhttp://urn.nb.no/URN:NBN:no-nb_digibok_2022112548013$z
=856  41$3Fulltekst$uhttps://urn.nb.no/URN:NBN:no-nb_digibok_2022112548013$yNettbiblioteket$zDigital representasjon
=913  \\$aNorbok$bNB
=913  \\$aNORLA$bNB
=960  \\$an$9local

