=LDR  01515nam a2200409 c 4500
=001  999919877376602202
=005  20230601110008.0
=007  ta
=008  170512s2017\\\\bu\\\\\e\|||||000\f\bul\\
=020  \\$a978-954-357-337-0$qheftet
=035  \\$a(EXLNZ-47BIBSYS_NETWORK)999920311032002201
=040  \\$aNO-OsNB$bnob$erda
=041  0\$abul$hnob
=082  04$a839.8238$223/nor$qNO-OsNB
=100  1\$aFossum, Karin$d1954-$0(NO-TrBIB)90608300$4aut
=245  10$6880-01$aČerni sekundi$cKarin Fosum ; prevela ot norvežki: Kalina Todorova
=880  10$6245-01/(N$aЧерни секунди$cКарин Фосум ; превела от норвежки: Калина Тодорова
=246  1\$iOriginaltittel:$aSvarte sekunder
=250  \\$aI izdanie
=264  \1$6880-02$a[Sofija]$bIK "EMAS"$c[2017]
=880  \\$6264-02/(N$a[София]$bИК "Емас"$c[2017]
=300  \\$a277 sider$c20 cm
=336  \\$atekst$2rdaco
=337  \\$auformidlet$2rdamt
=338  \\$abind$2rdact
=490  1\$6880-03$aKriminale$v28
=880  1\$6490-03/(N$aКриминале$v28
=500  \\$aPå omslaget: Šestijat slučaj na inspektor Konrad Sajer
=536  \\$aNORLA
=655  \7$aRomaner$0(uri)https://id.nb.no/vocabulary/ntsf/258$2ntsf
=700  1\$aTodorova, Kalina$0(NO-TrBIB)1498562804890$4trl
=765  0\$tSvarte sekunder$w990216462524702201$z82-02-22302-4
=830  \0$aKriminale$v28
=852  8\$b0030100$cg00005$hNA/A 2019:2310
=913  \\$aNorbok$bNB
=913  \\$aNORLA$bNB
=960  \\$an$9local

