=LDR  00894nam a2200277 c 4500
=001  999919878687202202
=005  20170814114156.0
=007  ta
=008  170602s2017\\\\ne\\\\\e\|||||000\|\dut\\
=020  \\$a978-94-6068-364-0$qh.
=035  \\$a(EXLNZ-47BIBSYS_NETWORK)999920313140402201
=040  \\$aNO-OsNB$bnob$ekatreg
=041  1\$adut$hnob
=082  04$a839.8238$223/nor$qNO-OsNB
=100  1\$aFossum, Karin$d1954-$0(NO-TrBIB)90608300$4aut
=245  14$aDe fluisteraar :$bliteraire thriller$cKarin Fossum ; uit het Noors vertaald door Lucy Pijttersen
=246  1\$iOriginaltittel:$aHviskeren
=260  \\$aGa Baarn$bMarmer$c2017
=300  \\$a362 s.$c22 cm
=536  \\$aNORLA
=700  1\$aPijttersen, Lucy$0(NO-TrBIB)11056474$4trl
=765  0\$tHviskeren$w999920144095102201
=852  8\$b0030100$cg00005$hNA/A 2017:5791
=913  \\$aNorbok$bNB
=913  \\$aNORLA$bNB
=960  \\$an$9local

