=LDR  01369nam a2200349 c 4500
=001  999919878687602202
=005  20230601110142.0
=007  ta
=008  170602s2017\\\\sp\\\\\e\|||||00|\f\spa|\
=020  \\$a978-84-16195-78-7$qheftet
=035  \\$a(EXLNZ-47BIBSYS_NETWORK)999920313142602201
=040  \\$aNO-OsNB$bnob$erda
=041  0\$aspa$hnob
=082  04$a839.8238$223/nor$qNO-OsNB
=100  1\$aFossum, Karin$d1954-$0(NO-TrBIB)90608300$4aut
=245  10$aYo veo en la oscuridad$cKarin Fossum ; traducción de Kirsti Baggethun y Asunción Lorenzo
=246  1\$iOriginaltittel:$aJeg kan se i mørket
=250  \\$aPrimera edición
=264  \1$aBarcelona$bRoja y negra$cabril de 2017
=300  \\$a210 sider$c22 cm
=336  \\$atekst$0http://rdaregistry.info/termList/RDAContentType/1020$2rdaco
=337  \\$auformidlet$0http://rdaregistry.info/termList/RDAMediaType/1007$2rdamt
=338  \\$abind$0http://rdaregistry.info/termList/RDACarrierType/1049$2rdact
=536  \\$aNORLA
=655  \7$aRomaner$0(uri)https://id.nb.no/vocabulary/ntsf/258$2ntsf
=700  1\$aBaggethun, Kirsti$d1944-$0(NO-TrBIB)90584630$4trl
=700  1\$aLorenzo, Asunción$0(NO-TrBIB)6021783$4trl
=765  0\$tJeg kan se i mørket$w991127625904702201$z9788202349868
=852  8\$b0030100$cg00005$hNA/A 2019:3920
=913  \\$aNorbok$bNB
=913  \\$aNORLA$bNB
=960  \\$an$9local

