=LDR  01414nam a2200349 c 4500
=001  999919882302602202
=005  20230601110950.0
=007  ta
=008  170706s2017\\\\sp\\\\\e\|||||000\f\spa\\
=020  \\$a978-84-9032-125-6$qh.
=035  \\$a(EXLNZ-47BIBSYS_NETWORK)999920333574702201
=040  \\$aNO-OsNB$bnob$ekatreg
=041  1\$aspa$hnob
=082  04$a839.8238$223/nor$qNO-OsNB
=100  1\$aFossum, Karin$d1954-$0(NO-TrBIB)90608300$4aut
=245  10$aPresagios$cKarin Fossum ; traducción de Kirsti Baggethun, Asunción Lorenzo
=246  1\$iOriginaltittel:$aVarsleren
=260  \\$aBarcelona$bDebolsillo$c2017
=300  \\$a236 s.$c19 cm
=490  1\$aInspektor Sejer$v10
=533  \\$aElektronisk reproduksjon$b[Norge]$cNasjonalbiblioteket Digital$d2022-11-07
=655  \7$aRomaner$0(uri)https://id.nb.no/vocabulary/ntsf/258$2ntsf
=700  1\$aBaggethun, Kirsti$d1944-$0(NO-TrBIB)90584630$4trl
=700  1\$aLorenzo, Asunción$0(NO-TrBIB)6021783$4trl
=765  0\$tVarsleren$w990925566714702201
=800  1\$aFossum, Karin$d1954-$tInspector Sejer$v10$0(NO-TrBIB)90608300$4aut
=852  8\$b0030100$cg00005$hNA/A 2018:4349
=856  40$3$yNB Digital$uhttp://urn.nb.no/URN:NBN:no-nb_digibok_2022101448012$z
=856  41$3Fulltekst$uhttps://urn.nb.no/URN:NBN:no-nb_digibok_2022101448012$yNettbiblioteket$zDigital representasjon
=913  \\$aNorbok$bNB
=913  \\$aNORLA$bNB
=960  \\$an$9local

