=LDR  01382nam a2200385 c 4500
=001  999919882303602202
=005  20230601110952.0
=007  ta
=008  170705s2017\\\\sp\\\\\e\|||||000\f\spa\\
=020  \\$a978-84-9908-653-8$qh.
=035  \\$a(EXLNZ-47BIBSYS_NETWORK)999920333584702201
=040  \\$aNO-OsNB$bnob$ekatreg
=041  1\$aspa$hnob
=082  04$a839.8238$223/nor$qNO-OsNB
=100  1\$aFossum, Karin$d1954-$0(NO-TrBIB)90608300$4aut
=245  10$aNo mires atrás$cKarin Fossum ; traducción de Kirsti Baggethun y Asunción Lorenzo
=246  1\$iOriginaltittel:$aSe deg ikke tilbake!
=250  \\$a3a reimpr.
=260  \\$aBarcelona$bDebolsillo$c2017
=300  \\$a299 s.$c19 cm
=490  1\$aBestseller
=490  1\$aBiblioteca Karin Fossum
=490  1\$aInspector Sejer$v2
=500  \\$aNummer på ryggen: 529/2
=655  \7$aRomaner$0(uri)https://id.nb.no/vocabulary/ntsf/258$2ntsf
=700  1\$aBaggethun, Kirsti$d1944-$0(NO-TrBIB)90584630$4trl
=700  1\$aLorenzo, Asunción$0(NO-TrBIB)6021783$4trl
=765  0\$tSe deg ikke tilbake!$w999609024224702201
=800  1\$aFossum, Karin$d1954-$tBiblioteca Karin Fossum$0(NO-TrBIB)90608300
=800  1\$aFossum, Karin$d1954-$tInspector Sejer$v2$0(NO-TrBIB)90608300
=830  \0$aBestseller
=852  8\$b0030100$cg00005$hNA/A 2018:4400
=913  \\$aNorbok$bNB
=913  \\$aNORLA$bNB
=960  \\$an$9local

