=LDR  01593nam a2200397 c 4500
=001  999919882303802202
=005  20230402085735.0
=007  ta
=008  170705s2017\\\\sp\\\\\e\|||||000\f\spa\\
=020  \\$a978-84-663-4115-8$qh.
=035  \\$a(EXLNZ-47BIBSYS_NETWORK)999920333585702201
=040  \\$aNO-OsNB$bnob$ekatreg
=041  1\$aspa$hnob
=082  04$a839.8238$223/nor$qNO-OsNB
=100  1\$aFossum, Karin$d1954-$0(NO-TrBIB)90608300$4aut
=245  13$aLa luz del diablo$cKarin Fossum ; traducción de Kirsti Baggethun y Asunción Lorenzo
=246  1\$iOriginaltittel:$aDjevelen holder lyset
=260  \\$aBarcelona$bDebolsillo$c2017
=300  \\$a253 s.$c19 cm
=490  1\$aBiblioteca Karin Fossum
=490  1\$aInédito bestseller
=490  1\$aInspector Sejer$v4
=500  \\$aNummer på ryggen: 529/4
=533  \\$aElektronisk reproduksjon$b[Norge]$cNasjonalbiblioteket Digital$d2022-10-06
=700  1\$aBaggethun, Kirsti$d1944-$0(NO-TrBIB)90584630$4trl
=700  1\$aLorenzo, Asunción$0(NO-TrBIB)6021783$4trl
=765  0\$tDjevelen holder lyset$w999816816034702201
=800  1\$aFossum, Karin$d1954-$tBiblioteca Karin Fossum$0(NO-TrBIB)90608300
=800  1\$aFossum, Karin$d1954-$tInspector Sejer$v4$0(NO-TrBIB)90608300
=830  \0$aBestseller
=852  8\$b0030100$cg00005$hNA/A 2018:4401
=856  40$3$yNB Digital$uhttp://urn.nb.no/URN:NBN:no-nb_digibok_2022081048677$z
=856  41$3Fulltekst$uhttps://urn.nb.no/URN:NBN:no-nb_digibok_2022081048677$yNettbiblioteket$zDigital representasjon
=913  \\$aNorbok$bNB
=913  \\$aNORLA$bNB
=960  \\$an$9local

