=LDR  01077nam a2200313 c 4500
=001  999919887003102202
=005  20230601111609.0
=007  ta
=008  170904s2017\\\\sw\\\\\e\|||||000\f\swe|\
=020  \\$a978-91-37-15011-6$qib.
=035  \\$a(EXLNZ-47BIBSYS_NETWORK)999920356989502201
=040  \\$aNO-OsNB$bnob$ekatreg
=041  1\$aswe$hnob
=082  04$a839.823$223/nor$qNO-OsNB
=100  1\$aFossum, Karin$d1954-$0(NO-TrBIB)90608300$4aut
=245  10$aViskaren$cKarin Fossum ; översättning Margareta Järnebrand
=246  1\$iOriginaltittel:$aHviskeren
=260  \\$aStockholm$bFORUM$c2017
=300  \\$a308 s.$c22 cm
=490  1\$a[En Konrad Sejer-deckare]
=500  \\$aSerietittel fra løst omslag
=655  \7$aRomaner$0(uri)https://id.nb.no/vocabulary/ntsf/258$2ntsf
=700  1\$aJärnebrand, Margareta$d1947-$0(NO-TrBIB)11045740$4trl
=765  0\$tHviskeren$w999920144095102201
=800  1\$aFossum, Karin$d1954-$4aut$tEn Konrad Sejer-deckare
=852  8\$b0030100$cg00005$hNA/A 2017:6462
=913  \\$aNorbok$bNB
=913  \\$aNORLA$bNB
=960  \\$an$9local

