=LDR  00934nam a2200277 c 4500
=001  999919893374502202
=005  20230601112032.0
=007  ta
=008  171012s2017\\\\dk\\\\\e\|||||000\f\dan\\
=020  \\$a978-87-02-22604-1$qib.
=035  \\$a(EXLNZ-47BIBSYS_NETWORK)999920383946502201
=040  \\$aNO-OsNB$bnob$ekatreg
=041  1\$adan$hnob
=082  04$a839.82374$223/nor$qNO-OsNB
=100  1\$aFossum, Karin$d1954-$0(NO-TrBIB)90608300$4aut
=245  10$aHviskeren :$broman$cKarin Fossum ; på dansk ved Poul Bratbjerg Hansen
=246  1\$iOriginaltittel:$aHviskeren
=260  \\$a[København]$bGyldendal$c2017
=300  \\$a313 s.$c22 cm
=655  \7$aRomaner$0(uri)https://id.nb.no/vocabulary/ntsf/258$2ntsf
=700  1\$aBratbjerg Hansen, Poul$0(NO-TrBIB)12031435$4trl
=765  0\$tHviskeren$w999920144095102201
=852  8\$b0030100$cg00005$hNA/A 2018:4114
=913  \\$aNorbok$bNB
=913  \\$aNORLA$bNB
=960  \\$an$9local

