=LDR  01092nam a2200289 c 4500
=001  999919899690202202
=005  20230601112808.0
=007  ta
=008  171128s2015\\\\xxu\\\\e\|||||000\f\eng\\
=020  \\$a978-0-544-57019-1$qh.
=035  \\$a(EXLNZ-47BIBSYS_NETWORK)999920421563402201
=040  \\$aNO-OsNB$bnob$ekatreg
=041  0\$aeng$hnob
=082  04$a839.82374$223/nor$qNO-OsNB
=100  1\$aFossum, Karin$d1954-$0(NO-TrBIB)90608300$4aut
=245  14$aThe murder of Harriet Krohn$cKarin Fossum ; translated from the Norwegian by James Anderson
=246  1\$iOriginaltittel:$aDrapet på Harriet Krohn
=260  \\$aBoston$bMariner Books$c2015
=300  \\$a242 s.$c21 cm
=655  \7$aRomaner$0(uri)https://id.nb.no/vocabulary/ntsf/258$2ntsf
=700  1\$aAnderson, James$0(NO-TrBIB)13060080$4trl
=765  0\$tDrapet på Harriet Krohn$w990417281144702201
=852  8\$b0030100$cg00005$hNA/A 2018:4178
=856  42$3Omslagsbilde$uhttps://contents.bibs.aws.unit.no/files/images/large/1/9/9780544570191.jpg$qimage/jpeg
=913  \\$aNorbok$bNB
=913  \\$aNORLA$bNB
=960  \\$an$9local

