=LDR  01051nam a2200301 c 4500
=001  999919899690402202
=005  20230601112809.0
=007  ta
=008  171128s2016\\\\sw\\\\\e\||||\000\f\swe\\
=020  \\$a978-91-7503-481-2$qh.
=035  \\$a(EXLNZ-47BIBSYS_NETWORK)999920421564102201
=040  \\$aNO-OsNB$bnob$ekatreg
=041  1\$aswe$hnob
=082  04$a839.823$223/nor$qNO-OsNB
=100  1\$aFossum, Karin$d1954-$0(NO-TrBIB)90608300$4aut
=245  10$aHelveteselden$cKarin Fossum ; översättning Margareta Järnebrand
=246  1\$iOriginaltittel:$aHelvetesilden
=260  \\$a[Stockholm]$bMånpocket$c2016
=300  \\$a233 s.$c18 cm
=490  1\$aEn Konrad Sejer-deckare
=655  \7$aRomaner$0(uri)https://id.nb.no/vocabulary/ntsf/258$2ntsf
=700  1\$aJärnebrand, Margareta$d1947-$0(NO-TrBIB)11045740$4trl
=765  0\$tHelvetesilden$w991334555994702201$z978-82-02-438241
=800  1\$aFossum, Karin$d1954-$4aut$tEn Konrad Sejer-deckare
=852  8\$b0030100$cg00005
=913  \\$aNorbok$bNB
=913  \\$aNORLA$bNB
=960  \\$an$9local

