=LDR  01184nam a2200313 c 4500
=001  999919899690502202
=005  20230601112809.0
=007  ta
=008  171128s2017\\\\xxu\\\\e\|||||000\f\eng\\
=020  \\$a978-0-544-94439-8$qh.
=035  \\$a(EXLNZ-47BIBSYS_NETWORK)999920421564202201
=040  \\$aNO-OsNB$bnob$ekatreg
=041  1\$aeng$hnob
=082  04$a839.823$223/nor$qNO-OsNB
=100  1\$aFossum, Karin$d1954-$0(NO-TrBIB)90608300$4aut
=245  10$aHell fire$cKarin Fossum ; translated from the Norwegian by Kari Dickson
=246  1\$iOriginaltittel:$aHelvetesilden
=260  \\$aBoston$bMariner Books$c2017
=300  \\$a256 s.$c21 cm
=490  1\$aAn inspector Sejer mystery
=655  \7$aRomaner$0(uri)https://id.nb.no/vocabulary/ntsf/258$2ntsf
=700  1\$aDickson, Kari$d1966-$0(NO-TrBIB)12054336$4trl
=765  0\$tHelvetesilden$w991334555994702201$z978-82-02-438241
=800  1\$aFossum, Karin$d1954-$tAn inspector Sejer mystery$4aut
=852  8\$b0030100$cg00005$hNA/A 2017:9524
=856  42$3Omslagsbilde$uhttps://contents.bibs.aws.unit.no/files/images/large/8/9/9780544944398.jpg$qimage/jpeg
=913  \\$aNorbok$bNB
=913  \\$aNORLA$bNB
=960  \\$an$9local

