=LDR  01018nam a2200313 c 4500
=001  999919899690902202
=005  20230601112810.0
=007  ta
=008  171128s2017\\\\gw\\\\\e\|||||00|\f\ger\\
=020  \\$a978-3-492-50041-8$qh.
=035  \\$a(EXLNZ-47BIBSYS_NETWORK)999920421565302201
=040  \\$aNO-OsNB$bnob$ekatreg
=041  1\$ager$hnob
=082  04$a839.82374$223/nor$qNO-OsNB
=100  1\$aFossum, Karin$d1954-$0(NO-TrBIB)90608300$4aut
=245  10$aAlso, von mir aus :$bRoman$cKarin Fossum
=246  1\$iOriginaltittel:$aJonas Eckel
=260  \\$aMünchen$bPiper$c2017
=300  \\$a220 s.$c21 cm
=490  1\$aPiper F
=500  \\$aAus dem Norwegischen von Gabriele Haefs
=655  \7$aRomaner$0(uri)https://id.nb.no/vocabulary/ntsf/258$2ntsf
=700  1\$aHaefs, Gabriele$d1953-$0(NO-TrBIB)90353340$4trl
=765  0\$tJonas Eckel$w990224429444702201$z82-02-22307-5
=830  \0$aPiper F
=852  8\$b0030100$cg00005$hNA/A 2018:6098
=913  \\$aNorbok$bNB
=913  \\$aNORLA$bNB
=960  \\$an$9local

