=LDR  01322nam a2200337 c 4500
=001  999919899693602202
=005  20230601112812.0
=007  ta
=008  171128s2017\\\\xxk\\\\ed|||||00|\f\eng|\
=020  \\$a978-1-78541-451-0$qib.
=035  \\$a(EXLNZ-47BIBSYS_NETWORK)999920421569902201
=040  \\$aNO-OsNB$bnob$ekatreg
=041  1\$aeng$hnob
=082  04$a839.8238$223/nor$qNO-OsNB
=100  1\$aFossum, Karin$d1954-$0(NO-TrBIB)90608300$4aut
=245  10$aHellfire$cKarin Fossum ; translated from the Norwegian by Kari Dickson
=246  1\$iOriginaltittel:$aHelvetesilden
=260  \\$aAnstey$bF.A. Thorpe$c2017
=300  \\$a300 s.$c24 cm
=490  1\$aISIS Large Print
=533  \\$aElektronisk reproduksjon$b[Norge]$cNasjonalbiblioteket Digital$d2022-11-21
=655  \7$aRomaner$0(uri)https://id.nb.no/vocabulary/ntsf/258$2ntsf
=700  1\$aDickson, Kari$d1966-$0(NO-TrBIB)12054336$4trl
=765  0\$tHelvetesilden : roman$w991334555994702201$z978-82-02-43824-1
=830  \0$aISIS Large Print
=852  8\$b0030100$cg00005$hNA/A 2018:5168
=856  40$3$yNB Digital$uhttp://urn.nb.no/URN:NBN:no-nb_digibok_2022111148020$z
=856  41$3Fulltekst$uhttps://urn.nb.no/URN:NBN:no-nb_digibok_2022111148020$yNettbiblioteket$zDigital representasjon
=913  \\$aNorbok
=913  \\$aNORLA$bNB
=960  \\$an$9local

