=LDR  01357nam a2200349 c 4500
=001  999919899693802202
=005  20230601112812.0
=007  ta
=008  171128s2017\\\\rb\\\\\e\|||||00|\f\srp|\
=020  \\$a978-86-7963-454-2$qh.
=035  \\$a(EXLNZ-47BIBSYS_NETWORK)999920421570202201
=040  \\$aNO-OsNB$bnob$ekatreg
=041  1\$asrp$hnob
=082  04$a839.8238$223/nor$qNO-OsNB
=100  1\$aFossum, Karin$d1954-$0(NO-TrBIB)90608300$4aut
=245  10$aKad đavo drži sveću$cKarin Fosum ; s norveškog prevela Sofija Bilandžija
=246  1\$iOriginaltittel:$aDjevelen holder lyset
=260  \\$aBeograd$bSamizdat B92$c2017
=300  \\$a218 s.$c20 cm
=490  1\$aBusola$v126
=533  \\$aElektronisk reproduksjon$b[Norge]$cNasjonalbiblioteket Digital$d2022-10-06
=536  \\$aNORLA
=655  \7$aRomaner$0(uri)https://id.nb.no/vocabulary/ntsf/258$2ntsf
=700  1\$aBilandžija, Sofija$d1975-$0(NO-TrBIB)11058067$4trl
=765  0\$tDjevelen holder lyset : kriminalroman$w999816816034702201
=830  \0$aBusola$v126
=852  8\$b0030100$cg00005$hNA/A 2018:5003
=856  40$3$yNB Digital$uhttp://urn.nb.no/URN:NBN:no-nb_digibok_2022081048675$z
=856  41$3Fulltekst$uhttps://urn.nb.no/URN:NBN:no-nb_digibok_2022081048675$yNettbiblioteket$zDigital representasjon
=913  \\$aNorbok$bNB
=913  \\$aNORLA$bNB
=960  \\$an$9local

