=LDR  00999nam a2200313 c 4500
=001  999919908997502202
=005  20230601113933.0
=007  ta
=008  180117s2017\\\\xn\\\\\e\|||||000\f\mac\\
=020  \\$a978-608-243-209-0$qh.
=035  \\$a(EXLNZ-47BIBSYS_NETWORK)999920447978302201
=040  \\$aNO-OsNB$bnob$ekatreg
=041  1\$amac$hnob$keng
=082  04$a839.823$223/nor$qNO-OsNB
=100  1\$aFossum, Karin$d1954-$0(NO-TrBIB)90608300$4aut
=245  10$aVo mrakot$cKarin Fosum ; prevod Nina Rudik
=246  1\$iOriginaltittel:$aEvas øye
=246  1\$iOversatt etter:$aIn the darkness
=260  \\$aSkopje$bAntolog$c2017
=300  \\$a288 s.$c20 cm
=490  1\$aBiblioteka Branovi$vkn. 178
=536  \\$aNORLA
=655  \7$aRomaner$0(uri)https://id.nb.no/vocabulary/ntsf/258$2ntsf
=765  0\$tEvas øye$w999523438194702201$z82-02-15853-2
=830  \0$aBranovi$vkn. 178
=852  8\$b0030100$cg00005$hNA/A 2018:1811
=913  \\$aNorbok$bNB
=913  \\$aNORLA$bNB
=960  \\$an$9local

