=LDR  00962nam a2200277 c 4500
=001  999919915383902202
=005  20230601114455.0
=007  ta
=008  180228s2017\\\\gw\\\\\e\|||||00|\f\ger|\
=020  \\$a978-3-492-50140-8$qh.
=035  \\$a(EXLNZ-47BIBSYS_NETWORK)999920487658602201
=040  \\$aNO-OsNB$bnob$ekatreg
=041  1\$ager$hnob
=082  04$a839.8238$223/nor$qNO-OsNB
=100  1\$aFossum, Karin$d1954-$0(NO-TrBIB)90608300$4aut
=245  10$aBöser Wille :$bRoman$cKarin Fossum ; aus dem Norwegischen von Gabriele Haefs
=246  1\$iOriginaltittel:$aDen onde viljen
=260  \\$aMünchen$bPiper$c2017
=300  \\$a222 s.$c21 cm
=655  \7$aRomaner$0(uri)https://id.nb.no/vocabulary/ntsf/258$2ntsf
=700  1\$aHaefs, Gabriele$d1953-$0(NO-TrBIB)90353340$4trl
=765  0\$tDen onde viljen$w990824130454702201$z978-82-02-28854-9
=852  8\$b0030100$cg00005$hNA/A 2018:4853
=913  \\$aNorbok$bNB
=913  \\$aNORLA$bNB
=960  \\$an$9local

