=LDR  00997nam a2200289 c 4500
=001  999919915397102202
=005  20230601114503.0
=007  ta
=008  180226s2017\\\\ci\\\\\e\|||||000\f\hrv\\
=020  \\$a978-953-7953-72-0$qh.
=035  \\$a(EXLNZ-47BIBSYS_NETWORK)999920487682502201
=040  \\$aNO-OsNB$bnob$ekatreg
=041  1\$ahrv$hnob
=082  04$a839.8238$223/nor$qNO-OsNB
=100  1\$aFossum, Karin$d1954-$0(NO-TrBIB)90608300$4aut
=245  10$aTko se vuka boji$cKarin Fossum ; s norveškoga prevela Anja Majnarić
=246  1\$iOriginaltittel:$aDen som frykter ulven
=260  \\$aZagreb$bEdicije Božičević$c2017
=300  \\$a267 s.$c20 cm
=536  \\$aNORLA
=655  \7$aRomaner$0(uri)https://id.nb.no/vocabulary/ntsf/258$2ntsf
=700  1\$aMajnarić, Anja$d1982-$0(NO-TrBIB)12021959$4trl
=765  0\$tDen som frykter ulven$w999710795794702201$z82-02-16738-8
=852  8\$b0030100$cg00005$hNA/A 2018:4772
=913  \\$aNorbok$bNB
=913  \\$aNORLA$bNB
=960  \\$an$9local

