=LDR  01004nam a2200301 c 4500
=001  999919917104502202
=005  20230601114702.0
=007  ta
=008  180307s2017\\\\gw\\\\\e\|||||00|\f\ger|\
=020  \\$a978-3-492-31164-9$qh.
=035  \\$a(EXLNZ-47BIBSYS_NETWORK)999920519194802201
=040  \\$aNO-OsNB$bnob$ekatreg
=041  1\$ager$hnob
=082  04$a839.8238$223/nor$qNO-OsNB
=100  1\$aFossum, Karin$d1954-$0(NO-TrBIB)90608300$4aut
=245  10$aHöllenrose :$bKriminalroman$cKarin Fossum ; aus dem Norwegischen von Gabriele Haefs
=246  1\$iOriginaltittel:$aHelvetesilden
=260  \\$aMünchen$bPiper$c2017
=300  \\$a295 s.$c19 cm
=490  1\$aPiper$v31164
=655  \7$aRomaner$0(uri)https://id.nb.no/vocabulary/ntsf/258$2ntsf
=700  1\$aHaefs, Gabriele$d1953-$0(NO-TrBIB)90353340$4trl
=765  0\$tHelvetesilden$w991334555994702201
=830  \0$aPiper$v31164
=852  8\$b0030100$cg00005$hNA/A 2018:4880
=913  \\$aNorbok$bNB
=913  \\$aNORLA$bNB
=960  \\$an$9local

