=LDR  01096nam a2200301 c 4500
=001  999919925087302202
=005  20230601115642.0
=007  ta
=008  180524s2018\\\\sp\\\\\e\|||||00|\f\spa|\
=020  \\$a978-84-663-4366-4$qh.
=035  \\$a(EXLNZ-47BIBSYS_NETWORK)999920557067502201
=040  \\$aNO-OsNB$bnob$ekatreg
=041  1\$aspa$hnob
=082  04$a839.82374$223/nor$qNO-OsNB
=100  1\$aFossum, Karin$d1954-$0(NO-TrBIB)90608300$4aut
=245  13$aEl asesinato de Harriet Krohn$cKarin Fossum ; traducción de Lotte Katrine Tollefsen
=246  1\$iOriginaltittel:$aDrapet på Harriet Krohn
=260  \\$aBarcelona$bDebolsillo$c2018
=300  \\$a233 s.$c19 cm
=490  1\$aInspector Sejer$v7
=655  \7$aRomaner$0(uri)https://id.nb.no/vocabulary/ntsf/258$2ntsf
=700  1\$aTollefsen, Lotte K.$d1964-$0(NO-TrBIB)12003278$4trl
=765  0\$tDrapet på Harriet Krohn$w990417281144702201
=800  1\$aFossum, Karin$d1954-$tInspector Sejer$v7$0(NO-TrBIB)90608300$4aut
=852  8\$b0030100$cg00005$hNA/A 2018:5387
=913  \\$aNorbok$bNB
=913  \\$aNORLA$bNB
=960  \\$an$9local

