=LDR  00993nam a2200277 c 4500
=001  999919925088802202
=005  20230601115645.0
=007  ta
=008  180524s2018\\\\ne\\\\\e\|||||00|\f\dut|\
=020  \\$a978-94-6068-397-8$qh.
=035  \\$a(EXLNZ-47BIBSYS_NETWORK)999920557070602201
=040  \\$aNO-OsNB$bnob$ekatreg
=041  1\$adut$hnob
=082  04$a839.82374$223/nor$qNO-OsNB
=100  1\$aFossum, Karin$d1954-$0(NO-TrBIB)90608300$4aut
=245  13$aDe moord op Harriet Krohn :$bpsychologische thriller$cKarin Fossum ; uit het Noors vertaald door Annemarie Smit
=246  1\$iOriginaltittel:$aDrapet på Harriet Krohn
=260  \\$aBaarn$bMarmer$c2018
=300  \\$a262 s.$c22 cm
=655  \7$aRomaner$0(uri)https://id.nb.no/vocabulary/ntsf/258$2ntsf
=700  1\$aSmith, Annemarie$0(NO-TrBIB)1523345891131$4trl
=765  0\$tDrapet på Harriet Krohn$w990417281144702201
=852  8\$b0030100$cg00005$hNA/A 2018:5379
=913  \\$aNorbok$bNB
=913  \\$aNORLA$bNB
=960  \\$an$9local

