=LDR  00996nam a2200289 c 4500
=001  999919928602302202
=005  20230601120352.0
=007  ta
=008  180615s2017\\\\gw\\\\\e\|||||00|\f\ger|\
=020  \\$a978-3-492-50035-7$qh.
=035  \\$a(EXLNZ-47BIBSYS_NETWORK)999920570190402201
=040  \\$aNO-OsNB$bnob$ekatreg
=041  1\$ager$hnob
=082  04$a839.82374$223/nor$qNO-OsNB
=100  1\$aFossum, Karin$d1954-$0(NO-TrBIB)90608300$4aut
=245  10$aDunkler Schlaf :$bRoman$cKarin Fossum ; [Übersetzung aus dem Norwegischen von Gabriele Haefs]
=246  1\$iOriginaltittel:$aDjevelen holder lyset
=260  \\$aMünchen$bPiper$c2017
=300  \\$a262 s.$c21 cm
=536  \\$aNORLA
=655  \7$aRomaner$0(uri)https://id.nb.no/vocabulary/ntsf/258$2ntsf
=700  1\$aHaefs, Gabriele$d1953-$0(NO-TrBIB)90353340$4trl
=765  0\$tDjevelen holder lyset$w999816816034702201
=852  8\$b0030100$cg00005$hNA/A 2018: 6075
=913  \\$aNorbok$bNB
=913  \\$aNORLA$bNB
=960  \\$an$9local

