=LDR  03678nam a2200529 c 4500
=001  999919951797502202
=005  20230601120117.0
=007  ta
=008  180605s2018\\\\no\\\\\e\|||||00|\f\nob|\
=020  \\$a978-82-02-60270-3$qh.$cNkr 179.00
=035  \\$a(EXLNZ-47BIBSYS_NETWORK)999920567627902201
=035  \\$a(NO-OsBAS)150296222
=040  \\$aNO-OsBAS$bnob$dNO-OsNB$ekatreg
=082  04$a839.82374$qNO-OsBAS$223/nor
=100  1\$aFossum, Karin$d1954-$0(NO-TrBIB)90608300$4aut
=245  10$aHviskeren$cKarin Fossum
=260  \\$aOslo$bCappelen Damm$c2018
=300  \\$a332 s.$c21 cm
=336  \\$atext$btxt$2rdacontent
=337  \\$aunmediated$bn$2rdamedia
=338  \\$avolume$bnc$2rdacarrier
=490  1\$aEn Konrad Sejer-krim$v[13]
=500  \\$a1. utg. 2016
=520  \\$aNy Sejer-roman fra Karin Fossum!  Ragna Riegel jobber på Europris og bor alene i barndomshjemmet. Nå er foreldrene hennes døde og den eneste sønnen har flyttet til Berlin og de har nesten ingen kontakt. Bare ett og annet jule- og bursdagskort.   Ragna lever livet sitt innen strenge rammer: hun liker jobben fordi den er full av rutine, hun liker å sitte på samme sete i bussen hver dag, hun liker å handle det samme i nabolagsbutikken hver dag. Hun må ha orden på livet. Og det har hun, inntil den dagen hun finner et brev i postkassen med hennes navn på konvolutten og en utvetydig trussel skrevet med store blokkbokstaver på arket inni. Brevet gir støtet til et mareritt der Ragna Riegel blir truet på livet av en ukjent fiende. Der hun merker at hun må ta alle midler i bruk for å forsvare seg.  Romanen tar form av Konrad Sejers avhør av Ragna Riegel etter at det verste er skjedd. Etter at alt er for seint. Gjennom avhørene forsøker Sejer å lokke fram sannheten om det som er skjedd. Men er Ragna sannferdig? Eller fører hun omgivelsene grundig bak lyset. Det blir det Sejers oppgave å finne ut av.
=533  \\$aElektronisk reproduksjon$b[Norge]$cNasjonalbiblioteket Digital$d2021-11-09
=650  \7$aSejer, Konrad (fiktiv person)$2bokbas
=651  \7$aAustlandet$2bokbas$9nno
=651  \7$aØstlandet$2bokbas$9nob
=655  \7$aKrim$2bokbas$9nno
=655  \7$aKrim$2bokbas$9nob
=655  \7$aPoliti og detektivar$2bokbas$9nno
=655  \7$aPoliti og detektiver$2bokbas$9nob
=655  \7$aRomanar$2bokbas$9nno
=655  \7$aRomaner$0(uri)https://id.nb.no/vocabulary/ntsf/258$2ntsf
=655  \7$aRomaner$2bokbas$9nob
=800  1\$aFossum, Karin$d1954-$tEn Konrad Sejer-krim;$v13$0(NO-TrBIB)90608300$4aut
=852  8\$b0030100$cg00005$hNA/A 2018:8167
=852  8\$b0183334$cg00001
=856  40$3$yNB Digital$uhttp://urn.nb.no/URN:NBN:no-nb_digibok_2021102148134$z
=856  41$3Fulltekst$uhttps://urn.nb.no/URN:NBN:no-nb_digibok_2021102148134$yNettbiblioteket$zDigital representasjon
=856  41$amedia.boknett.no$3Miniatyrbilde$uhttps://media.boknett.no/objects/22/62/150296222/productimage_OS_1fda05076791681b9e41ee0d80ccbe2bfc8af2f4.jpg$nBokbasen, Oslo$qimage/jpeg
=856  41$amedia.boknett.no$3Omslagsbilde$uhttps://media.boknett.no/objects/22/62/150296222/productimage_ORG_4737806472d37f7c759acec05f3956c9b5885e67.jpg$nBokbasen, Oslo$qimage/jpeg
=856  42$3Forlagets beskrivelse (lang)$uhttps://contents.bibs.aws.unit.no/content/?isbn=9788202602703
=856  42$3Omslagsbilde$uhttps://contents.bibs.aws.unit.no/files/images/large/3/0/9788202602703.jpg$qimage/jpeg
=856  42$3Omslagsbilde$uhttps://contents.bibs.aws.unit.no/files/images/small/3/0/9788202602703.jpg$qimage/jpeg
=856  42$3Originalt bilde$uhttps://contents.bibs.aws.unit.no/files/images/original/3/0/9788202602703.jpg$qimage/jpeg
=913  \\$aNorbok$bNB

