=LDR  02861nam a2200517 c 4500
=001  999919951798602202
=005  20230402105650.0
=007  ta
=008  180605s2018\\\\no\\\\\e\|||||00|\1\nob|\
=020  \\$a978-82-02-60258-1$qh.$cNkr 179.00
=035  \\$a(EXLNZ-47BIBSYS_NETWORK)999920567634202201
=035  \\$a(NO-OsBAS)150296238
=040  \\$aNO-OsBAS$bnob$dNO-OsNB$ekatreg
=082  04$a839.82374$qNO-OsBAS$223/nor
=100  1\$aFossum, Karin$d1954-$0(NO-TrBIB)90608300$4aut
=245  10$aSe deg ikke tilbake!$cKarin Fossum
=260  \\$a[Oslo]$bCappelen Damm$c2018
=300  \\$a271 s.$c21 cm
=336  \\$atext$btxt$2rdacontent
=337  \\$aunmediated$bn$2rdamedia
=338  \\$avolume$bnc$2rdacarrier
=490  1\$aEn Konrad Sejer-krim$v[2]
=500  \\$a1. utg. Oslo : Cappelen, 1996
=520  \\$a"Han plystret en tone og følte seg ovenpå, der han tronte bak rattet i den store bilen med den lille jenta baki. Virkelig ovenpå."   En seksårig jente er meldt savnet. Kort tid etter blir liket av tenåringsjenta Annie Holland funnet i utkanten av den lille bygda hvor alle kjenner alle. Førstebetjent Konrad Sejer er i gang med en ny vanskelig sak.
=533  \\$aElektronisk reproduksjon$b[Norge]$cNasjonalbiblioteket Digital$d2021-11-01
=650  \7$aSejer, Konrad (fiktiv person)$2bokbas
=651  \7$aAustlandet$2bokbas$9nno
=651  \7$aØstlandet$2bokbas$9nob
=655  \7$aKrim$2bokbas$9nno
=655  \7$aKrim$2bokbas$9nob
=655  \7$aPoliti og detektivar$2bokbas$9nno
=655  \7$aPoliti og detektiver$2bokbas$9nob
=655  \7$aRomanar$2bokbas$9nno
=655  \7$aRomaner$2bokbas$9nob
=800  1\$aFossum, Karin$d1954-$tEn Konrad Sejer-krim;$v2$0(NO-TrBIB)90608300$4aut
=852  8\$b0030100$cg00005$hNA/A 2018:8248
=852  8\$b0183334$cg00001
=856  40$3$yNB Digital$uhttp://urn.nb.no/URN:NBN:no-nb_digibok_2021102248140$z
=856  41$3Fulltekst$uhttps://urn.nb.no/URN:NBN:no-nb_digibok_2021102248140$yNettbiblioteket$zDigital representasjon
=856  41$amedia.boknett.no$3Miniatyrbilde$uhttps://media.boknett.no/objects/38/62/150296238/productimage_OS_c46741f61d2e144659d6797c8e57cbc78152a5eb.jpg$nBokbasen, Oslo$qimage/jpeg
=856  41$amedia.boknett.no$3Omslagsbilde$uhttps://media.boknett.no/objects/38/62/150296238/productimage_ORG_8f30aef493acb2089cbf74ac1d49f6c6a24722db.jpg$nBokbasen, Oslo$qimage/jpeg
=856  42$3Forlagets beskrivelse (lang)$uhttps://contents.bibs.aws.unit.no/content/?isbn=9788202602581
=856  42$3Omslagsbilde$uhttps://contents.bibs.aws.unit.no/files/images/large/1/8/9788202602581.jpg$qimage/jpeg
=856  42$3Omslagsbilde$uhttps://contents.bibs.aws.unit.no/files/images/small/1/8/9788202602581.jpg$qimage/jpeg
=856  42$3Originalt bilde$uhttps://contents.bibs.aws.unit.no/files/images/original/1/8/9788202602581.jpg$qimage/jpeg
=913  \\$aNorbok$bNB

