=LDR  03259nam a2200613 c 4500
=001  999919951799302202
=005  20230601120213.0
=007  ta
=008  180606s2018\\\\no\\\\\e\|||||00|\f\nob|\
=020  \\$a978-82-02-60079-2$qib.$qCappelen Damm$cNkr 379.00
=020  \\$a978-82-525-8908-5$qBokklubben
=035  \\$a(EXLNZ-47BIBSYS_NETWORK)999920568691002201
=035  \\$a(NO-OsBAS)150296276
=040  \\$aNO-OsBAS$bnob$dNO-OsNB$ekatreg
=080  \\$a839.6
=082  04$a839.82374$qNO-OsBAS$223/nor
=083  0\$a839.82$223
=100  1\$aFossum, Karin$d1954-$0(NO-TrBIB)90608300$4aut
=245  10$aFormørkelsen :$broman$cKarin Fossum
=260  \\$aOslo$bCappelen Damm$c2018
=300  \\$a332 s.$c22 cm
=336  \\$atext$btxt$2rdacontent
=337  \\$aunmediated$bn$2rdamedia
=338  \\$avolume$bnc$2rdacarrier
=490  1\$a[En Konrad Sejer-krim]$v[14]
=520  \\$aEt ektepar sjekker inn på hotell med sin 15 måneder gamle sønn. Morgenen etter faller gutten fra balkongen i sjuende etasje og dør momentant. Foreldrenes forklaringer spriker. Begge har noe å skjule. Hvem har retten til et barn? Hvordan kan et barn dø slik? Denne gangen vet Konrad Sejer at det er uhyre viktig å finne sannheten. Formørkelsen er en mesterlig kriminalroman og et farlig ekteskapsdrama.
=533  \\$aElektronisk reproduksjon$b[Norge]$cNasjonalbiblioteket Digital$d2021-12-27
=536  \\$aKulturfond
=588  \\$aSerietittel fra løst omslag
=650  \7$aSejer, Konrad (fiktiv person)$2bokbas
=651  \7$aAustlandet$2bokbas$9nno
=651  \7$aØstlandet$2bokbas$9nob
=655  \7$aKrim$2bokbas$9nno
=655  \7$aKrim$2bokbas$9nob
=655  \7$aPoliti og detektivar$2bokbas$9nno
=655  \7$aPoliti og detektiver$2bokbas$9nob
=655  \7$aRomanar$2bokbas$9nno
=655  \7$aRomaner$0(uri)https://id.nb.no/vocabulary/ntsf/258$2ntsf
=655  \7$aRomaner$2bokbas$9nob
=767  0\$tDe verduistering$w999921107376002201$z978-90-225-8822-2
=800  1\$aFossum, Karin$d1954-$tEn Konrad Sejer-krim;$v14$0(NO-TrBIB)90608300$4aut
=852  8\$b0030100$cg00005$hNA/A 2018:8352
=852  8\$b0183334$cg00001
=856  40$3$yNB Digital$uhttp://urn.nb.no/URN:NBN:no-nb_digibok_2021120248522$z
=856  41$3Fulltekst$uhttps://urn.nb.no/URN:NBN:no-nb_digibok_2021120248522$yNettbiblioteket$zDigital representasjon
=856  41$amedia.boknett.no$3Miniatyrbilde$uhttps://media.boknett.no/objects/76/62/150296276/productimage_OS_83ba9b0236a3db4e65e5039e6758a1fffd68afac.jpg$nBokbasen, Oslo$qimage/jpeg
=856  41$amedia.boknett.no$3Omslagsbilde$uhttps://media.boknett.no/objects/76/62/150296276/productimage_ORG_658ba2ee738a7ce309ee1c6ecbe94d1ba95b63e5.jpg$nBokbasen, Oslo$qimage/jpeg
=856  42$3Forlagets beskrivelse (lang)$uhttps://contents.bibs.aws.unit.no/content/?isbn=9788202600792
=856  42$3Omslagsbilde$uhttps://contents.bibs.aws.unit.no/files/images/large/2/9/9788202600792.jpg$qimage/jpeg
=856  42$3Omslagsbilde$uhttps://contents.bibs.aws.unit.no/files/images/small/2/9/9788202600792.jpg$qimage/jpeg
=856  42$3Originalt bilde$uhttps://contents.bibs.aws.unit.no/files/images/original/2/9/9788202600792.jpg$qimage/jpeg
=913  \\$aKulturfond$bNB
=913  \\$aNorbok$bNB
=913  \\$aNORLA$bNB

