=LDR  03666nam a2200529 c 4500
=001  999919951799402202
=005  20230601120118.0
=007  ta
=008  180605s2018\\\\no\\\\\e\|||||00|\f\nob|\
=020  \\$a978-82-02-60266-6$qh.$cNkr 179.00
=035  \\$a(EXLNZ-47BIBSYS_NETWORK)999920567628302201
=035  \\$a(NO-OsBAS)150296218
=040  \\$aNO-OsBAS$bnob$dNO-OsNB$ekatreg
=082  04$a839.82374$qNO-OsBAS$223/nor
=100  1\$aFossum, Karin$d1954-$0(NO-TrBIB)90608300$4aut
=245  10$aVarsleren$cKarin Fossum
=260  \\$a[Oslo]$bCappelen Damm$c2018
=300  \\$a267 s.$c21 cm
=336  \\$atext$btxt$2rdacontent
=337  \\$aunmediated$bn$2rdamedia
=338  \\$avolume$bnc$2rdacarrier
=490  1\$aEn Konrad Sejer-krim$v[10]
=500  \\$a1. utg. 2009
=520  \\$aHan kjørte rundt på den røde Suzukien overalt hvor det fantes mennesker, og han studerte dem med forskerens fascinasjon, som om de var eksotiske dyr. Han syntes de var underlige. Det var sensommer, og folk var ute i hagene sine. Han så småunger på trampoline, kvinner som lukte i bedene sine, mannfolk som vasket bil ute på gårdsplassen. En mann satt på huk og malte stakittgjerdet sitt, en kvinne plukket nyvasket tøy fra snorene. Og han likte det alt sammen. Han likte dette yrende livet, det kritthvite tøyet som blafret i vinden og lukten av maling. Han likte det, og han ville ødelegge det. Alle lever på en kant, tenkte han, og jeg skal vippe dem utfor. En ung mor har lagt sitt lille barn til å sove under et tre i hagen. Hun føler seg helt trygg på at hun vil kjenne det om noen prøver å gjøre barnet noe vondt. Noen kommer ut fra skogen og river det heklede teppet av barnet, og den unge moren merker ingen verdens ting. Senere samme dag finner Konrad Sejer et kort utenfor døren hvor det står Helvete begynner nå!   Varsleren er den tiende romanen med førstebetjent Konrad Sejer.
=533  \\$aElektronisk reproduksjon$b[Norge]$cNasjonalbiblioteket Digital$d2021-11-23
=650  \7$aSejer, Konrad (fiktiv person)$2bokbas
=651  \7$aAustlandet$2bokbas$9nno
=651  \7$aØstlandet$2bokbas$9nob
=655  \7$aKrim$2bokbas$9nno
=655  \7$aKrim$2bokbas$9nob
=655  \7$aPoliti og detektivar$2bokbas$9nno
=655  \7$aPoliti og detektiver$2bokbas$9nob
=655  \7$aRomanar$2bokbas$9nno
=655  \7$aRomaner$0(uri)https://id.nb.no/vocabulary/ntsf/258$2ntsf
=655  \7$aRomaner$2bokbas$9nob
=800  1\$aFossum, Karin$d1954-$tEn Konrad Sejer-krim;$v10$0(NO-TrBIB)90608300$4aut
=852  8\$b0030100$cg00005$hNA/A 2018:8165
=852  8\$b0183334$cg00001
=856  40$3$yNB Digital$uhttp://urn.nb.no/URN:NBN:no-nb_digibok_2021102248123$z
=856  41$3Fulltekst$uhttps://urn.nb.no/URN:NBN:no-nb_digibok_2021102248123$yNettbiblioteket$zDigital representasjon
=856  41$amedia.boknett.no$3Miniatyrbilde$uhttps://media.boknett.no/objects/18/62/150296218/productimage_OS_14202c7551f8e8db53c10a1c44cc286ee281b7e0.jpg$nBokbasen, Oslo$qimage/jpeg
=856  41$amedia.boknett.no$3Omslagsbilde$uhttps://media.boknett.no/objects/18/62/150296218/productimage_ORG_ca987984554b682370a096d633b05ede0b1eb1ae.jpg$nBokbasen, Oslo$qimage/jpeg
=856  42$3Forlagets beskrivelse (lang)$uhttps://contents.bibs.aws.unit.no/content/?isbn=9788202602666
=856  42$3Omslagsbilde$uhttps://contents.bibs.aws.unit.no/files/images/large/6/6/9788202602666.jpg$qimage/jpeg
=856  42$3Omslagsbilde$uhttps://contents.bibs.aws.unit.no/files/images/small/6/6/9788202602666.jpg$qimage/jpeg
=856  42$3Originalt bilde$uhttps://contents.bibs.aws.unit.no/files/images/original/6/6/9788202602666.jpg$qimage/jpeg
=913  \\$aNorbok$bNB

