=LDR  03748nam a2200517 c 4500
=001  999919951801502202
=005  20230601120116.0
=007  ta
=008  180605s2018\\\\no\\\\\e\|||||00|\f\nob|\
=020  \\$a978-82-02-60267-3$qh.$cNkr 179.00
=035  \\$a(EXLNZ-47BIBSYS_NETWORK)999920567627602201
=035  \\$a(NO-OsBAS)150296219
=040  \\$aNO-OsBAS$bnob$dNO-OsNB$ekatreg
=082  04$a839.82374$qNO-OsBAS$223/nor
=100  1\$aFossum, Karin$d1954-$0(NO-TrBIB)90608300$4aut
=245  10$aJeg kan se i mørket :$broman$cKarin Fossum
=260  \\$a[Oslo]$bCappelen Damm$c2018
=300  \\$a222 s.$c21 cm
=336  \\$atext$btxt$2rdacontent
=337  \\$aunmediated$bn$2rdamedia
=338  \\$avolume$bnc$2rdacarrier
=500  \\$a1. utg. 2011
=520  \\$aEtter samtalen gikk jeg ned i bårerommet. Det var Løkkas lille kapell for de døde, med en båre, et lite bord og et lys. En duk med blonder, en bibel og et kors høyt oppe på veggen. Ofte lå det noen der, som ventet på å bli hentet av byrået, og jeg likte den spesielle følelsen, å være i selskap med døden Studere de innsunkne øynene og de blåfargete leppene. Hendene, som raskt fikk sorte flekker, munnen som gled åpen. Jeg hadde noen ganger for moro skyld, lent meg over den døde med noen fryktelige grimaser. Tomlene inn i ørene, tungen ut av kjeften, simpelthen fordi jeg ikke greide å la være.   Den ensomme Riktor har i mange år vært ansatt på Løkkas sykehjem. Tilsynelatende en vanlig mann, stillfarende og høflig. Men når sjansen byr seg, lugger han pasientene i håret og heller medisinen deres i do; han er ?sykepleieren fra helvete". Riktor blir venn med den sterkt alkoholiserte Arnfinn, men en dag ser han Arnfinn forsyne seg av lommeboken sin, og slår ham resolutt i hjel med en hammer. Romanen skildrer en mann som uten skrupler følger sine laveste instinkter, en mann som føler seg ufeilbarlig. Hans vei fra hovmod til stor fornedrelse viser Karin Fossums styrke som krimforfatter; et litterært språk kombinert med stor psykologisk innsikt.
=533  \\$aElektronisk reproduksjon$b[Norge]$cNasjonalbiblioteket Digital$d2021-11-11
=650  \7$aBehandlingsheimar$2bokbas$9nno
=650  \7$aBehandlingshjem$2bokbas$9nob
=650  \7$aDrap$2bokbas$9nno
=650  \7$aDrap$2bokbas$9nob
=650  \7$aMishandling$2bokbas$9nno
=650  \7$aMishandling$2bokbas$9nob
=650  \7$aOutsiderar$2bokbas$9nno
=650  \7$aOutsidere$2bokbas$9nob
=655  \7$aRomanar$2bokbas$9nno
=655  \7$aRomaner$0(uri)https://id.nb.no/vocabulary/ntsf/258$2ntsf
=655  \7$aRomaner$2bokbas$9nob
=852  8\$b0030100$cg00005$hNA/A 2018:8351
=852  8\$b0183334$cg00001
=856  40$3$yNB Digital$uhttp://urn.nb.no/URN:NBN:no-nb_digibok_2021102648684$z
=856  41$3Fulltekst$uhttps://urn.nb.no/URN:NBN:no-nb_digibok_2021102648684$yNettbiblioteket$zDigital representasjon
=856  41$amedia.boknett.no$3Miniatyrbilde$uhttps://media.boknett.no/objects/19/62/150296219/productimage_OS_c7be512bd8fe1a3e8d0946fb666a2c82af01dc98.jpg$nBokbasen, Oslo$qimage/jpeg
=856  41$amedia.boknett.no$3Omslagsbilde$uhttps://media.boknett.no/objects/19/62/150296219/productimage_ORG_9d114262ee69e2eb6a475b8d6cc1de37b600d7c3.jpg$nBokbasen, Oslo$qimage/jpeg
=856  42$3Forlagets beskrivelse (lang)$uhttps://contents.bibs.aws.unit.no/content/?isbn=9788202602673
=856  42$3Omslagsbilde$uhttps://contents.bibs.aws.unit.no/files/images/large/3/7/9788202602673.jpg$qimage/jpeg
=856  42$3Omslagsbilde$uhttps://contents.bibs.aws.unit.no/files/images/small/3/7/9788202602673.jpg$qimage/jpeg
=856  42$3Originalt bilde$uhttps://contents.bibs.aws.unit.no/files/images/original/3/7/9788202602673.jpg$qimage/jpeg
=913  \\$aNorbok$bNB

