=LDR  03727nam a2200529 c 4500
=001  999919951801602202
=005  20230601120118.0
=007  ta
=008  180605s2018\\\\no\\\\\e\|||||00|\f\nob|\
=020  \\$a978-82-02-60268-0$qh.$cNkr 179.00
=035  \\$a(EXLNZ-47BIBSYS_NETWORK)999920567628202201
=035  \\$a(NO-OsBAS)150296220
=040  \\$aNO-OsBAS$bnob$dNO-OsNB$ekatreg
=082  04$a839.82374$qNO-OsBAS$223/nor
=100  1\$aFossum, Karin$d1954-$0(NO-TrBIB)90608300$4aut
=245  10$aCarmen Zita og døden :$broman$cKarin Fossum
=260  \\$a[Oslo]$bCappelen Damm$c2018
=300  \\$a216 s.$c21 cm
=336  \\$atext$btxt$2rdacontent
=337  \\$aunmediated$bn$2rdamedia
=338  \\$avolume$bnc$2rdacarrier
=490  1\$aEn Konrad Sejer-krim$v[11]
=500  \\$a1. utg. 2013
=520  \\$aKonrad Sejer er tilbake! I "Carmen Zita og døden" er han høyst nærværende, ikke bare som den sindige og skarpe etterforskeren, men også som mennesket Konrad Sejer som har sitt å slite med. Men på stueveggen henger bildet av hans elskede Elise som han hver dag deler noen tanker med, og hunden Frank Robert, en kinesisk Shar-Pei, er alltid ved hans side. Og hver kveld avsluttes som alltid med en tynn whisky og en enslig sigarett.    Denne gang er det Skarre som er først på åstedet. Et lite barn har druknet i en dam. Et ubevoktet øyeblikk og så har det det aller verste skjedd. De unge foreldrene er sønderknuste, og alt ser ut til å være et uhell. Men Skarre stusser, det er noe med den unge moren, og han lufter sine anelser for Sejer. Etterforskning blir satt i gang som alltid ved brå død, og den unge moren, Carmen, viser seg å være noe for seg selv. Selvopptatt, grunn, forkjælet og pyntesyk. Denne romanen har alt man forventer av en krim fra Karin Fossum; en fryktelig ulykke, gode og spennende portretter av de involverte, et godt politiarbeid med en uventet utvikling. Og som vanlig er det litteratur på et høyt nivå.
=533  \\$aElektronisk reproduksjon$b[Norge]$cNasjonalbiblioteket Digital$d2020-07-20
=650  \7$aSejer, Konrad (fiktiv person)$2bokbas
=651  \7$aAustlandet$2bokbas$9nno
=651  \7$aØstlandet$2bokbas$9nob
=655  \7$aKrim$2bokbas$9nno
=655  \7$aKrim$2bokbas$9nob
=655  \7$aPoliti og detektivar$2bokbas$9nno
=655  \7$aPoliti og detektiver$2bokbas$9nob
=655  \7$aRomanar$2bokbas$9nno
=655  \7$aRomaner$0(uri)https://id.nb.no/vocabulary/ntsf/258$2ntsf
=655  \7$aRomaner$2bokbas$9nob
=800  1\$aFossum, Karin$d1954-$tEn Konrad Sejer-krim;$v11$0(NO-TrBIB)90608300$4aut
=852  8\$b0030100$cg00005$hNA/A 2018:8247
=852  8\$b0183334$cg00001
=856  40$3$yNB Digital$uhttp://urn.nb.no/URN:NBN:no-nb_digibok_2020071548514$z
=856  41$3Fulltekst$uhttps://urn.nb.no/URN:NBN:no-nb_digibok_2020071548514$yNettbiblioteket$zDigital representasjon
=856  41$amedia.boknett.no$3Miniatyrbilde$uhttps://media.boknett.no/objects/20/62/150296220/productimage_OS_baaf334c4b68fc243e8b743e64e6623ba360482c.jpg$nBokbasen, Oslo$qimage/jpeg
=856  41$amedia.boknett.no$3Omslagsbilde$uhttps://media.boknett.no/objects/20/62/150296220/productimage_ORG_6b4c998d9f0c5b4766603370d1a19ef400da8ed5.jpg$nBokbasen, Oslo$qimage/jpeg
=856  42$3Forlagets beskrivelse (lang)$uhttps://contents.bibs.aws.unit.no/content/?isbn=9788202602680
=856  42$3Omslagsbilde$uhttps://contents.bibs.aws.unit.no/files/images/large/0/8/9788202602680.jpg$qimage/jpeg
=856  42$3Omslagsbilde$uhttps://contents.bibs.aws.unit.no/files/images/small/0/8/9788202602680.jpg$qimage/jpeg
=856  42$3Originalt bilde$uhttps://contents.bibs.aws.unit.no/files/images/original/0/8/9788202602680.jpg$qimage/jpeg
=913  \\$aNorbok$bNB

