=LDR  02890nam a2200553 c 4500
=001  999919951898202202
=005  20230601120111.0
=007  ta
=008  180605s2018\\\\no\\\\\e\|||||00|\f\nob|\
=020  \\$a978-82-02-60260-4$qh.$cNkr 179.00
=035  \\$a(EXLNZ-47BIBSYS_NETWORK)999920567625002201
=035  \\$a(NO-OsBAS)150296213
=040  \\$aNO-OsBAS$bnob$dNO-OsNB$ekatreg
=082  04$a839.82374$qNO-OsBAS$223/nor
=100  1\$aFossum, Karin$d1954-$0(NO-TrBIB)90608300$4aut
=245  10$aDjevelen holder lyset$cKarin Fossum
=260  \\$a[Oslo]$bCappelen Damm$c2018
=300  \\$a223 s.$c21 cm
=336  \\$atext$btxt$2rdacontent
=337  \\$aunmediated$bn$2rdamedia
=338  \\$avolume$bnc$2rdacarrier
=490  1\$aEn Konrad Sejer-krim$v[4]
=500  \\$a1. utg. Oslo : Cappelen, 1998
=520  \\$aDen sekstiårige, enslige Irma Funder lever et stille og tilbaketrukket liv. Tilfeldige hendelser utløser mørke krefter i henne og følgene blir katastrofale. Djevelen holder lyset er en psykologisk, urovekkende og intenst spennende roman.
=533  \\$aElektronisk reproduksjon$b[Norge]$cNasjonalbiblioteket Digital$d2021-11-01
=650  \7$aSejer, Konrad (fiktiv person)$2bokbas
=651  \7$aAustlandet$2bokbas$9nno
=651  \7$aØstlandet$2bokbas$9nob
=655  \7$aKrim$2bokbas$9nno
=655  \7$aKrim$2bokbas$9nob
=655  \7$aPoliti og detektivar$2bokbas$9nno
=655  \7$aPoliti og detektiver$2bokbas$9nob
=655  \7$aRomanar$2bokbas$9nno
=655  \7$aRomaner$0(uri)https://id.nb.no/vocabulary/ntsf/258$2ntsf
=655  \7$aRomaner$2bokbas$9nob
=655  \7$aThriller$2bokbas$9nno
=655  \7$aThriller$2bokbas$9nob
=800  1\$aFossum, Karin$d1954-$tEn Konrad Sejer-krim;$v4$0(NO-TrBIB)90608300$4aut
=852  8\$b0030100$cg00005$hNA/A 2018:8172
=852  8\$b0183334$cg00001
=856  40$3$yNB Digital$uhttp://urn.nb.no/URN:NBN:no-nb_digibok_2021101948545$z
=856  41$3Fulltekst$uhttps://urn.nb.no/URN:NBN:no-nb_digibok_2021101948545$yNettbiblioteket$zDigital representasjon
=856  41$amedia.boknett.no$3Miniatyrbilde$uhttps://media.boknett.no/objects/13/62/150296213/productimage_OS_fd78542d249ed9d3c2d0f1a9e5148e619fc6a2b5.jpg$nBokbasen, Oslo$qimage/jpeg
=856  41$amedia.boknett.no$3Omslagsbilde$uhttps://media.boknett.no/objects/13/62/150296213/productimage_ORG_79346628442098dc236b10d7ee11f9cf139fccda.jpg$nBokbasen, Oslo$qimage/jpeg
=856  42$3Forlagets beskrivelse (lang)$uhttps://contents.bibs.aws.unit.no/?isbn=9788202602604
=856  42$3Omslagsbilde$uhttps://contents.bibs.aws.unit.no/files/images/large/4/0/9788202602604.jpg$qimage/jpeg
=856  42$3Omslagsbilde$uhttps://contents.bibs.aws.unit.no/files/images/small/4/0/9788202602604.jpg$qimage/jpeg
=856  42$3Originalt bilde$uhttps://contents.bibs.aws.unit.no/files/images/original/4/0/9788202602604.jpg$qimage/jpeg
=913  \\$aNorbok$bNB

