=LDR  03961nam a2200565 c 4500
=001  999919951898902202
=005  20230601120117.0
=007  ta
=008  180605s2018\\\\no\\\\\e\|||||00|\f\nob|\
=020  \\$a978-82-02-60261-1$qh.$cNkr 179.00
=035  \\$a(EXLNZ-47BIBSYS_NETWORK)999920567627802201
=035  \\$a(NO-OsBAS)150296214
=040  \\$aNO-OsBAS$bnob$dNO-OsNB$ekatreg
=082  04$a839.82374$qNO-OsBAS$223/nor
=100  1\$aFossum, Karin$d1954-$0(NO-TrBIB)90608300$4aut
=245  10$aElskede Poona$cKarin Fossum
=260  \\$a[Oslo]$bCappelen Damm$c2018
=300  \\$a271 s.$c21 cm
=336  \\$atext$btxt$2rdacontent
=337  \\$aunmediated$bn$2rdamedia
=338  \\$avolume$bnc$2rdacarrier
=490  1\$aEn Konrad Sejer-krim$v[5]
=500  \\$a"1. utgave, 1. opplag 2018" - Kolofonen
=500  \\$a1. utg. Oslo : Cappelen, 2000
=520  \\$aSejer trodde han var forberedt. Han satte sjøbein og stirret på kvinnen i gresset. Synet forvirret ham. Han så en flette kveile seg som en sort orm i det gule gresset. Restene av et ansikt, knust inn til beinet. Ingen ting var lenger på plass. Munnen var et gapende, rødsvart hull. Nesen var slått flat mot kinnet, og han kunne ikke finne øynene i alt det røde kjøttet. Han måtte flytte blikket og så en knyttet hånd. En gullsandal. Og blod i mengder.    I den lille bygda Elvestad blir Konrad Sejer og hans assistent Skarre konfrontert med liket av en kvinne som er helt usedvanlig ille tilredt.   Dagen før har den sindige ungkaren Gunder Joman ventet på sin nye kone, Poona fra Mumbai i India. Egentlig skulle han ha hentet henne på flyplassen, men fordi hans eneste søster, Marie, har vært utsatt for en trafikkulykke og ligger i koma på sykehuset, sender han bygdas drosjesjåfør for å hente Poona. Men Poona dukker aldri opp, verken på flyplassen eller hjemme hos Joman.    Elskede Poona er på samme tid en utrolig spennende kriminalroman og en vakker og trist kjærlighetsroman.    Vant Dagbladets kåring av tidenes beste norske krim.  Vinner av Brageprisen  Vinner av LA Times Book Award  Nominert til Golden Dagger Award
=533  \\$aElektronisk reproduksjon$b[Norge]$cNasjonalbiblioteket Digital$d2021-11-05
=650  \7$aKjærleik$2bokbas$9nno
=650  \7$aKjærlighet$2bokbas$9nob
=650  \7$aSejer, Konrad (fiktiv person)$2bokbas
=651  \7$aAustlandet$2bokbas$9nno
=651  \7$aØstlandet$2bokbas$9nob
=655  \7$aKrim$2bokbas$9nno
=655  \7$aKrim$2bokbas$9nob
=655  \7$aPoliti og detektivar$2bokbas$9nno
=655  \7$aPoliti og detektiver$2bokbas$9nob
=655  \7$aRomanar$2bokbas$9nno
=655  \7$aRomaner$0(uri)https://id.nb.no/vocabulary/ntsf/258$2ntsf
=655  \7$aRomaner$2bokbas$9nob
=800  1\$aFossum, Karin$d1954-$tEn Konrad Sejer-krim;$v5$0(NO-TrBIB)90608300$4aut
=852  8\$b0030100$cg00005$hNA/A 2018:8170
=852  8\$b0183334$cg00001
=856  40$3$yNB Digital$uhttp://urn.nb.no/URN:NBN:no-nb_digibok_2021102248113$z
=856  41$3Fulltekst$uhttps://urn.nb.no/URN:NBN:no-nb_digibok_2021102248113$yNettbiblioteket$zDigital representasjon
=856  41$amedia.boknett.no$3Miniatyrbilde$uhttps://media.boknett.no/objects/14/62/150296214/productimage_OS_fcb9789a0669811f2d0be34bfe09ebdd7b7d0988.jpg$nBokbasen, Oslo$qimage/jpeg
=856  41$amedia.boknett.no$3Omslagsbilde$uhttps://media.boknett.no/objects/14/62/150296214/productimage_ORG_0472c819fe433b65ea63a26fbb9ab19d9af0f6ac.jpg$nBokbasen, Oslo$qimage/jpeg
=856  42$3Forlagets beskrivelse (lang)$uhttps://contents.bibs.aws.unit.no/content/?isbn=9788202602611
=856  42$3Omslagsbilde$uhttps://contents.bibs.aws.unit.no/files/images/large/1/1/9788202602611.jpg$qimage/jpeg
=856  42$3Omslagsbilde$uhttps://contents.bibs.aws.unit.no/files/images/small/1/1/9788202602611.jpg$qimage/jpeg
=856  42$3Originalt bilde$uhttps://contents.bibs.aws.unit.no/files/images/original/1/1/9788202602611.jpg$qimage/jpeg
=913  \\$aNorbok$bNB

