=LDR  03009nam a2200529 c 4500
=001  999919951899002202
=005  20230601120122.0
=007  ta
=008  180605s2018\\\\no\\\\\e\|||||00|\f\nob|\
=020  \\$a978-82-02-60265-9$qh.$cNkr 179.00
=035  \\$a(EXLNZ-47BIBSYS_NETWORK)999920567633302201
=035  \\$a(NO-OsBAS)150296217
=040  \\$aNO-OsBAS$bnob$dNO-OsNB$ekatreg
=082  04$a839.82374$qNO-OsBAS$223/nor
=100  1\$aFossum, Karin$d1954-$0(NO-TrBIB)90608300$4aut
=245  14$aDen onde viljen$cKarin Fossum
=260  \\$a[Oslo]$bCappelen Damm$c2018
=300  \\$a191 s.$c21 cm
=336  \\$atext$btxt$2rdacontent
=337  \\$aunmediated$bn$2rdamedia
=338  \\$avolume$bnc$2rdacarrier
=490  1\$aEn Konrad Sejer-krim$v[9]
=500  \\$a1. utg. 2008
=520  \\$aUnggutten Jon blir funnet død i et vann sent på høsten. Han er på hyttetur med barndomsvenner. Like etter blir nok en gutt funnet død i et vann. Er det en forbindelse mellom de to dødsfallene og foreligger det noe kriminelt i ungdomsmiljøet? To sørgende mødrene finner hverandre og sammen finner de en tråd som skal få det hele til å rakne.   Sejers vilje til å forstå det kompliserte menneskesinnet blir utløsende for etterforskningen.
=533  \\$aElektronisk reproduksjon$b[Norge]$cNasjonalbiblioteket Digital$d2020-08-06
=650  \7$aSejer, Konrad (fiktiv person)$2bokbas
=651  \7$aAustlandet$2bokbas$9nno
=651  \7$aØstlandet$2bokbas$9nob
=655  \7$aKrim$2bokbas$9nno
=655  \7$aKrim$2bokbas$9nob
=655  \7$aPoliti og detektivar$2bokbas$9nno
=655  \7$aPoliti og detektiver$2bokbas$9nob
=655  \7$aRomanar$2bokbas$9nno
=655  \7$aRomaner$0(uri)https://id.nb.no/vocabulary/ntsf/258$2ntsf
=655  \7$aRomaner$2bokbas$9nob
=800  1\$aFossum, Karin$d1954-$tEn Konrad Sejer-krim;$v9$0(NO-TrBIB)90608300$4aut
=852  8\$b0030100$cg00005$hNA/A 2018:8171
=852  8\$b0183334$cg00001
=856  40$3$yNB Digital$uhttp://urn.nb.no/URN:NBN:no-nb_digibok_2020072048075$z
=856  41$3Fulltekst$uhttps://urn.nb.no/URN:NBN:no-nb_digibok_2020072048075$yNettbiblioteket$zDigital representasjon
=856  41$amedia.boknett.no$3Miniatyrbilde$uhttps://media.boknett.no/objects/17/62/150296217/productimage_OS_7b4f085f8f64dd0f01066a4acf128fbcb1341dac.jpg$nBokbasen, Oslo$qimage/jpeg
=856  41$amedia.boknett.no$3Omslagsbilde$uhttps://media.boknett.no/objects/17/62/150296217/productimage_ORG_4b34a8453badb29c307a76da1e6b1fbf64be6f71.jpg$nBokbasen, Oslo$qimage/jpeg
=856  42$3Forlagets beskrivelse (lang)$uhttps://contents.bibs.aws.unit.no/content/?isbn=9788202602659
=856  42$3Omslagsbilde$uhttps://contents.bibs.aws.unit.no/files/images/large/9/5/9788202602659.jpg$qimage/jpeg
=856  42$3Omslagsbilde$uhttps://contents.bibs.aws.unit.no/files/images/small/9/5/9788202602659.jpg$qimage/jpeg
=856  42$3Originalt bilde$uhttps://contents.bibs.aws.unit.no/files/images/original/9/5/9788202602659.jpg$qimage/jpeg
=913  \\$aNorbok$bNB

