=LDR  03333nam a2200553 c 4500
=001  999919951899802202
=005  20230601120121.0
=007  ta
=008  180605s2018\\\\no\\\\\e\|||||00|\f\nob|\
=020  \\$a978-82-02-60264-2$qh.$cNkr Nkr 179.00
=035  \\$a(EXLNZ-47BIBSYS_NETWORK)999920567632902201
=035  \\$a(NO-OsBAS)150296216
=040  \\$aNO-OsBAS$bnob$dNO-OsNB$ekatreg
=082  04$a839.82374$qNO-OsBAS$223/nor
=100  1\$aFossum, Karin$d1954-$0(NO-TrBIB)90608300$4aut
=245  1\$aDen som elsker noe annet :$bkriminalroman$cKarin Fossum
=260  \\$a[Oslo]$bCappelen Damm$c2018
=300  \\$a226 s.$c21 cm
=336  \\$atext$btxt$2rdacontent
=337  \\$aunmediated$bn$2rdamedia
=338  \\$avolume$bnc$2rdacarrier
=490  1\$aEn Konrad Sejer-krim$v[8]
=500  \\$a1. utg. Oslo : Cappelen, 2007
=520  \\$aEt nesten nakent guttelik blir funnet av et ektepar på søndagstur. Det blir fort klart at det dreier seg om seksuelt misbruk, og Sejer og Skarre gjør sine undersøkelser i det lokale pedofile miljøet, men uten resultat. Så forsvinner nok en gutt, den kraftig overvektige Edwin, men denne gangen finner de ikke noe lik. Edwin er som sunket i jorda.   Den som elsker noe annet er Karin Fossums åttende roman med etterforsker Konrad Sejer. Den er spennende inntil det uutholdelige, og den preges sterkt av det som er blitt forfatterens varemerke; viljen til å forstå det kompliserte grunnlaget for menneskenes handlinger, inkludert pedofili.
=533  \\$aElektronisk reproduksjon$b[Norge]$cNasjonalbiblioteket Digital$d2020-08-06
=650  \7$aMishandling$2bokbas$9nno
=650  \7$aMishandling$2bokbas$9nob
=650  \7$aSejer, Konrad (fiktiv person)$2bokbas
=651  \7$aAustlandet$2bokbas$9nno
=651  \7$aØstlandet$2bokbas$9nob
=655  \7$aKrim$2bokbas$9nno
=655  \7$aKrim$2bokbas$9nob
=655  \7$aPoliti og detektivar$2bokbas$9nno
=655  \7$aPoliti og detektiver$2bokbas$9nob
=655  \7$aRomanar$2bokbas$9nno
=655  \7$aRomaner$0(uri)https://id.nb.no/vocabulary/ntsf/258$2ntsf
=655  \7$aRomaner$2bokbas$9nob
=800  1\$aFossum, Karin$d1954-$tEn Konrad Sejer-krim;$v8$0(NO-TrBIB)90608300$4aut
=852  8\$b0030100$cg00005$hNA/A 2018:8169
=852  8\$b0183334$cg00001
=856  40$3$yNB Digital$uhttp://urn.nb.no/URN:NBN:no-nb_digibok_2020072048012$z
=856  41$3Fulltekst$uhttps://urn.nb.no/URN:NBN:no-nb_digibok_2020072048012$yNettbiblioteket$zDigital representasjon
=856  41$amedia.boknett.no$3Miniatyrbilde$uhttps://media.boknett.no/objects/16/62/150296216/productimage_OS_b9558626ee3fa72ee0be39918f4793de76e29acb.jpg$nBokbasen, Oslo$qimage/jpeg
=856  41$amedia.boknett.no$3Omslagsbilde$uhttps://media.boknett.no/objects/16/62/150296216/productimage_ORG_c2102081b059b9c0944b527faf46160b0c496b29.jpg$nBokbasen, Oslo$qimage/jpeg
=856  42$3Forlagets beskrivelse (lang)$uhttps://contents.bibs.aws.unit.no/content/?isbn=9788202602642
=856  42$3Omslagsbilde$uhttps://contents.bibs.aws.unit.no/files/images/large/2/4/9788202602642.jpg$qimage/jpeg
=856  42$3Omslagsbilde$uhttps://contents.bibs.aws.unit.no/files/images/small/2/4/9788202602642.jpg$qimage/jpeg
=856  42$3Originalt bilde$uhttps://contents.bibs.aws.unit.no/files/images/original/2/4/9788202602642.jpg$qimage/jpeg
=913  \\$aNorbok$bNB

