=LDR  03175nam a2200601 c 4500
=001  999919951900002202
=005  20230601120124.0
=007  ta
=008  180605s2018\\\\no\\\\\e\|||||00|\f\nob|\
=020  \\$a978-82-02-60263-5$qh.$cNkr 179.00
=035  \\$a(EXLNZ-47BIBSYS_NETWORK)999920567634402201
=035  \\$a(NO-OsBAS)150296239
=040  \\$aNO-OsBAS$bnob$dNO-OsNB$ekatreg
=082  04$a839.82374$qNO-OsBAS$223/nor
=100  1\$aFossum, Karin$d1954-$0(NO-TrBIB)90608300$4aut
=245  10$aDrapet på Harriet Krohn :$bkriminalroman$cKarin Fossum
=260  \\$a[Oslo]$bCappelen Damm$c2018
=300  \\$a239 s.$c21 cm
=336  \\$atext$btxt$2rdacontent
=337  \\$aunmediated$bn$2rdamedia
=338  \\$avolume$bnc$2rdacarrier
=490  1\$aEn Konrad Sejer-krim$v[7]
=500  \\$a1. utg. Oslo : Cappelen, 2004
=520  \\$aEt mørkt og intenst portrett av en drapsmann.   Leseren er med i hans tanker og handlinger fra første stund til gjennomførelsen av det heslige drapet. Et drap som skaffer ham økonomisk frihet til å oppfylle en stor drøm for sin unge datter, Julie. Alt er bedre enn på lenge og fremtiden synes lys og åpen. Hadde det bare ikke vært for Konrad Sejer.
=533  \\$aElektronisk reproduksjon$b[Norge]$cNasjonalbiblioteket Digital$d2021-11-01
=650  \7$aDrap$2bokbas$9nno
=650  \7$aDrap$2bokbas$9nob
=650  \7$aForeldre$2bokbas$9nno
=650  \7$aForeldre$2bokbas$9nob
=650  \7$aSejer, Konrad (fiktiv person)$2bokbas
=650  \7$aTjuveri$2bokbas$9nno
=650  \7$aTyveri$2bokbas$9nob
=651  \7$aAustlandet$2bokbas$9nno
=651  \7$aØstlandet$2bokbas$9nob
=655  \7$aKrim$2bokbas$9nno
=655  \7$aKrim$2bokbas$9nob
=655  \7$aPoliti og detektivar$2bokbas$9nno
=655  \7$aPoliti og detektiver$2bokbas$9nob
=655  \7$aRomanar$2bokbas$9nno
=655  \7$aRomaner$0(uri)https://id.nb.no/vocabulary/ntsf/258$2ntsf
=655  \7$aRomaner$2bokbas$9nob
=800  1\$aFossum, Karin$d1954-$tEn Konrad Sejer-krim;$v7$0(NO-TrBIB)90608300$4aut
=852  8\$b0030100$cg00005$hNA/A 2018:8350
=852  8\$b0183334$cg00001
=856  40$3$yNB Digital$uhttp://urn.nb.no/URN:NBN:no-nb_digibok_2021102248141$z
=856  41$3Fulltekst$uhttps://urn.nb.no/URN:NBN:no-nb_digibok_2021102248141$yNettbiblioteket$zDigital representasjon
=856  41$amedia.boknett.no$3Miniatyrbilde$uhttps://media.boknett.no/objects/39/62/150296239/productimage_OS_680c3919240a1ccaf2e45e4188dbacb000b39000.jpg$nBokbasen, Oslo$qimage/jpeg
=856  41$amedia.boknett.no$3Omslagsbilde$uhttps://media.boknett.no/objects/39/62/150296239/productimage_ORG_48771ea90b6d353bd06c173a558b656017836341.jpg$nBokbasen, Oslo$qimage/jpeg
=856  42$3Forlagets beskrivelse (lang)$uhttps://contents.bibs.aws.unit.no/content/?isbn=9788202602635
=856  42$3Omslagsbilde$uhttps://contents.bibs.aws.unit.no/files/images/large/5/3/9788202602635.jpg$qimage/jpeg
=856  42$3Omslagsbilde$uhttps://contents.bibs.aws.unit.no/files/images/small/5/3/9788202602635.jpg$qimage/jpeg
=856  42$3Originalt bilde$uhttps://contents.bibs.aws.unit.no/files/images/original/5/3/9788202602635.jpg$qimage/jpeg
=913  \\$aNorbok$bNB

