=LDR  02813nam a2200529 c 4500
=001  999919951901002202
=005  20230601120111.0
=007  ta
=008  180605s2018\\\\no\\\\\e\|||||00|\f\nob|\
=020  \\$a978-82-02-60259-8$qh.$cNkr 179.00
=035  \\$a(EXLNZ-47BIBSYS_NETWORK)999920567625302201
=035  \\$a(NO-OsBAS)150296212
=040  \\$aNO-OsBAS$bnob$dNO-OsNB$ekatreg
=082  04$a839.82374$qNO-OsBAS$223/nor
=100  1\$aFossum, Karin$d1954-$0(NO-TrBIB)90608300$4aut
=245  10$aDen som frykter ulven$cKarin Fossum
=260  \\$a[Oslo]$bCappelen Damm$c2018
=300  \\$a252 s.$c21 cm
=336  \\$atext$btxt$2rdacontent
=337  \\$aunmediated$bn$2rdamedia
=338  \\$avolume$bnc$2rdacarrier
=490  1\$aEn Konrad Sejer-krim$v[3]
=500  \\$a1. utg. Oslo : Cappelen, 1997
=520  \\$aGamle Haldis Horn blir funnet død på trappen til det lille småbruket sitt. Den tolv år gamle barnehjemsgutten, Kannick, finner henne, og han kan fortelle at han har sett Errki Johrma som nettopp har rømt fra en psykiatrisk institusjon.
=533  \\$aElektronisk reproduksjon$b[Norge]$cNasjonalbiblioteket Digital$d2020-07-16
=650  \7$aSejer, Konrad (fiktiv person)$2bokbas
=651  \7$aAustlandet$2bokbas$9nno
=651  \7$aØstlandet$2bokbas$9nob
=655  \7$aKrim$2bokbas$9nno
=655  \7$aKrim$2bokbas$9nob
=655  \7$aPoliti og detektivar$2bokbas$9nno
=655  \7$aPoliti og detektiver$2bokbas$9nob
=655  \7$aRomanar$2bokbas$9nno
=655  \7$aRomaner$0(uri)https://id.nb.no/vocabulary/ntsf/258$2ntsf
=655  \7$aRomaner$2bokbas$9nob
=800  1\$aFossum, Karin$d1954-$tEn Konrad Sejer-krim;$v3$0(NO-TrBIB)90608300$4aut
=852  8\$b0030100$cg00005$hNA/A 2018:8168
=852  8\$b0183334$cg00001
=856  40$3$yNB Digital$uhttp://urn.nb.no/URN:NBN:no-nb_digibok_2020071648629$z
=856  41$3Fulltekst$uhttps://urn.nb.no/URN:NBN:no-nb_digibok_2020071648629$yNettbiblioteket$zDigital representasjon
=856  41$amedia.boknett.no$3Miniatyrbilde$uhttps://media.boknett.no/objects/12/62/150296212/productimage_OS_f7d22aef0f04d7a81bb3566d622a448c8365e2d4.jpg$nBokbasen, Oslo$qimage/jpeg
=856  41$amedia.boknett.no$3Omslagsbilde$uhttps://media.boknett.no/objects/12/62/150296212/productimage_ORG_7e7730fdb2b53c402e92a892b860e957aee18630.jpg$nBokbasen, Oslo$qimage/jpeg
=856  42$3Forlagets beskrivelse (lang)$uhttps://contents.bibs.aws.unit.no/?isbn=9788202602598
=856  42$3Omslagsbilde$uhttps://contents.bibs.aws.unit.no/files/images/large/8/9/9788202602598.jpg$qimage/jpeg
=856  42$3Omslagsbilde$uhttps://contents.bibs.aws.unit.no/files/images/small/8/9/9788202602598.jpg$qimage/jpeg
=856  42$3Originalt bilde$uhttps://contents.bibs.aws.unit.no/files/images/original/8/9/9788202602598.jpg$qimage/jpeg
=913  \\$aNorbok$bNB

