=LDR  03317nam a2200529 c 4500
=001  999919953186802202
=005  20230601120122.0
=007  ta
=008  180605s2018\\\\no\\\\\e\|||||00|\f\nob|\
=020  \\$a978-82-02-60269-7$qh.$cNkr 179.00
=035  \\$a(EXLNZ-47BIBSYS_NETWORK)999920567633502201
=035  \\$a(NO-OsBAS)150296221
=040  \\$aNO-OsBAS$bnob$dNO-OsNB$ekatreg
=082  04$a839.82374$qNO-OsBAS$223/nor
=100  1\$aFossum, Karin$d1954-$0(NO-TrBIB)90608300$4aut
=245  10$aHelvetesilden :$broman$cKarin Fossum
=260  \\$a[Oslo]$bCappelen Damm$c2018
=300  \\$a246 s.$c21 cm
=336  \\$atext$btxt$2rdacontent
=337  \\$aunmediated$bn$2rdamedia
=338  \\$avolume$bnc$2rdacarrier
=490  1\$aEn Konrad Sejer-krim$v[12]
=500  \\$a1. utg. 2014
=520  \\$aTo alenemødre og sønnene deres. Mamma Mass lever alene med Eddie. Han er trygdet og svært overvektig, og dagene brukes til kryssord, kanelgifler og søking på nettet. Tore på sporet er yndlingsprogrammet, og snart vokser ønsket om å finne farens grav; den faren han aldri kjente.  For Bonnie som er hjemmehjelp for eldre, er dagene et evig slit med anstrengt økonomi, tungt arbeid og omsorg for lille, forsiktige Simon. Et uventet brev gir dem grunn til å se lyst på fremtiden.  Drapet på de to i campingvognen er brutalt også for Konrad Sejer, og sporene leder i mange retninger. Hvem har hatt motiv for å drepe Bonnie og Simon?
=533  \\$aElektronisk reproduksjon$b[Norge]$cNasjonalbiblioteket Digital$d2021-11-15
=650  \7$aSejer, Konrad (fiktiv person)$2bokbas
=651  \7$aAustlandet$2bokbas$9nno
=651  \7$aØstlandet$2bokbas$9nob
=655  \7$aKrim$2bokbas$9nno
=655  \7$aKrim$2bokbas$9nob
=655  \7$aPoliti og detektivar$2bokbas$9nno
=655  \7$aPoliti og detektiver$2bokbas$9nob
=655  \7$aRomanar$2bokbas$9nno
=655  \7$aRomaner$0(uri)https://id.nb.no/vocabulary/ntsf/258$2ntsf
=655  \7$aRomaner$2bokbas$9nob
=800  1\$aFossum, Karin$d1954-$tEn Konrad Sejer-krim;$v12$0(NO-TrBIB)90608300$4aut
=852  8\$b0030100$cg00005$hNA/A 2018:8704
=852  8\$b0183334$cg00001$xretur UiT 20.09.18  al Retur UBO 01.11.2018 JMJ Retur UBB 04.12.2018 JMJ /Retur NTNU 21.01.19 AM
=856  40$3$yNB Digital$uhttp://urn.nb.no/URN:NBN:no-nb_digibok_2021102248024$zrestricted
=856  41$3Fulltekst$uhttps://urn.nb.no/URN:NBN:no-nb_digibok_2021102248024$yNettbiblioteket$zDigital representasjon
=856  41$amedia.boknett.no$3Miniatyrbilde$uhttps://media.boknett.no/objects/21/62/150296221/productimage_OS_450541eaf3d980a1cd5f49f028b20dbcce9c0a62.jpg$nBokbasen, Oslo$qimage/jpeg
=856  41$amedia.boknett.no$3Omslagsbilde$uhttps://media.boknett.no/objects/21/62/150296221/productimage_ORG_f800052589614022edf5d0c33d018841f8f0318c.jpg$nBokbasen, Oslo$qimage/jpeg
=856  42$3Forlagets beskrivelse (lang)$uhttps://contents.bibs.aws.unit.no/content/?isbn=9788202602697
=856  42$3Omslagsbilde$uhttps://contents.bibs.aws.unit.no/files/images/large/7/9/9788202602697.jpg$qimage/jpeg
=856  42$3Omslagsbilde$uhttps://contents.bibs.aws.unit.no/files/images/small/7/9/9788202602697.jpg$qimage/jpeg
=856  42$3Originalt bilde$uhttps://contents.bibs.aws.unit.no/files/images/original/7/9/9788202602697.jpg$qimage/jpeg
=913  \\$aNorbok$bNB

