=LDR  01531nam a2200361 c 4500
=001  999919954294302202
=005  20230601121441.0
=007  ta
=008  180830s2018\\\\rb\\\\\e\|||||00|\f\srp|\
=020  \\$a978-86-7963-460-3$qheftet
=035  \\$a(EXLNZ-47BIBSYS_NETWORK)999920615961902201
=040  \\$aNO-OsNB$bnob$erda
=041  1\$asrp$hnob
=082  04$a839.8238$223/nor$qNO-OsNB
=100  1\$aFossum, Karin$d1954-$0(NO-TrBIB)90608300$4aut
=245  10$aCrne sekunde$cKarin Fosum ; s norveskog prevela Sofija Bilandzija
=246  1\$iOriginaltittel:$aSvarte sekunder
=264  \1$aBeograd$bSamizdat B92$c2018
=300  \\$a220 sider$c20 cm
=336  \\$atekst$0http://rdaregistry.info/termList/RDAContentType/1020$2rdaco
=337  \\$auformidlet$0http://rdaregistry.info/termList/RDAMediaType/1007$2rdamt
=338  \\$abind$0http://rdaregistry.info/termList/RDACarrierType/1049$2rdact
=533  \\$aElektronisk reproduksjon$b[Norge]$cNasjonalbiblioteket Digital$d2022-10-05
=536  \\$aNORLA
=655  \7$aRomaner$0(uri)https://id.nb.no/vocabulary/ntsf/258$2ntsf
=700  1\$aBilandžija, Sofija$d1975-$0(NO-TrBIB)11058067$4trl
=765  0\$tSvarte sekunder$w990216462524702201$z82-02-22302-4
=852  8\$b0030100$cg00005$hNA/A 2019:4932
=856  40$3$yNB Digital$uhttp://urn.nb.no/URN:NBN:no-nb_digibok_2022081848581$z
=856  41$3Fulltekst$uhttps://urn.nb.no/URN:NBN:no-nb_digibok_2022081848581$yNettbiblioteket$zDigital representasjon
=913  \\$aNorbok$bNB
=913  \\$aNORLA$bNB
=960  \\$an$9local

