=LDR  01270nam a2200325 c 4500
=001  999919954294902202
=005  20230601121443.0
=007  ta
=008  180830s2018\\\\sw\\\\\e\|||||00|\f\swe|\
=020  \\$a978-91-7503-832-2$qheftet
=035  \\$a(EXLNZ-47BIBSYS_NETWORK)999920615963702201
=040  \\$aNO-OsNB$bnob$erda
=041  1\$aswe$hnob
=082  04$a839.8238$223/nor$qNO-OsNB
=100  1\$aFossum, Karin$d1954-$0(NO-TrBIB)90608300$4aut
=245  10$aViskaren$cKarin Fossum ; översättning Margareta Järnebrand
=246  1\$iOriginaltittel:$aHviskeren
=264  \1$aStockholm$bMånpocket$c[2018]
=300  \\$a308 sider$c18 cm
=336  \\$atekst$0http://rdaregistry.info/termList/RDAContentType/1020$2rdaco
=337  \\$auformidlet$0http://rdaregistry.info/termList/RDAMediaType/1007$2rdamt
=338  \\$abind$0http://rdaregistry.info/termList/RDACarrierType/1049$2rdact
=500  \\$aUndertittel på omslaget: En Konrad Sejer-deckare
=655  \7$aRomaner$0(uri)https://id.nb.no/vocabulary/ntsf/258$2ntsf
=700  1\$aJärnebrand, Margareta$d1947-$0(NO-TrBIB)11045740$4trl
=765  0\$tHviskeren$w999920144095102201$z978-82-02-52631-3
=852  8\$b0030100$cg00005$hNA/A 2019:4931
=913  \\$aNorbok$bNB
=913  \\$aNORLA$bNB
=960  \\$an$9local

