=LDR  01525nam a2200373 c 4500
=001  999919956759102202
=005  20230601122010.0
=007  ta
=008  181005s2018\\\\rb\\\\\e\|||||00|\1\srp|\
=020  \\$a978-86-7963-466-5$qheftet
=035  \\$a(EXLNZ-47BIBSYS_NETWORK)999920631243202201
=040  \\$aNO-OsNB$bnob$erda
=041  1\$asrp$hnob
=082  04$a839.8238$223/nor$qNO-OsNB
=100  1\$aFossum, Karin$d1954-$0(NO-TrBIB)90608300$4aut
=240  10$aSe deg ikke tilbake!$lSerbisk
=245  10$aNe osvrći se$cKarin Fosum ; s preveškog prevela Sofija Bilandžija
=264  \1$aBeograd$bSamizdat B92$c2018
=300  \\$a250 sider
=336  \\$atekst$0http://rdaregistry.info/termList/RDAContentType/1020$2rdaco
=337  \\$auformidlet$0http://rdaregistry.info/termList/RDAMediaType/1007$2rdamt
=338  \\$abind$0http://rdaregistry.info/termList/RDACarrierType/1049$2rdact
=490  1\$aEdicija busola$vknjiga 138
=546  \\$aSerbisk$blatinsk alfabet
=655  \7$aRomaner$0(uri)https://id.nb.no/vocabulary/ntsf/258$2ntsf
=700  1\$aBilandžija, Sofija$d1975-$0(NO-TrBIB)11058067$4trl
=700  1\$aFossum, Karin$d1954-$tSe deg ikke tilbake!$lSerbisk$0(NO-TrBIB)90608300
=700  1\$iOversettelse av:$aFossum, Karin$d1954-$tSe deg ikke tilbake!$lNorsk$0(NO-TrBIB)90608300
=765  0\$tSe deg ikke tilbake!$w999609024224702201$z8202158885
=830  \0$aEdicija busola$vknjiga 138
=852  8\$b0030100$cg00005$hNA/A 2021:9283
=913  \\$aNorbok$bNB
=913  \\$aNORLA$bNB
=960  \\$an$9local

