=LDR  02714nim a2200517 c 4500
=001  999919965295302202
=005  20230301074826.0
=007  sd#f||||||||||
=008  181120s2018\\\\no\||||e\\\\\\\f\\\\nob|\
=020  \\$a978-82-02-61353-2$cNkr 349.00
=035  \\$a(EXLNZ-47BIBSYS_NETWORK)999920704576302201
=035  \\$a(NO-OsBAS)150306296
=040  \\$aNO-OsBAS$bnob$dNO-OsNB$ekatreg
=082  04$a839.82374$qNO-OsBAS$223/nor
=100  1\$aFossum, Karin$d1954-$0(NO-TrBIB)90608300$4aut
=245  10$aFormørkelsen$h[lydopptak]$cKarin Fossum
=260  \\$a[Oslo]$bCappelen Damm$c2018
=300  \\$a8 CD-er (9 t, 35 min)$c12 cm
=336  \\$aspoken word$bspw$2rdacontent
=337  \\$aaudio$bs$2rdamedia
=338  \\$aaudio disc$bsd$2rdacarrier
=500  \\$a"En Konrad Sejer-krim" - Esken
=511  0\$aLest av Kim Haugen
=520  \\$aEt ektepar sjekker inn på hotell med sin 15 måneder gamle sønn. Morgenen etter faller gutten fra balkongen i sjuende etasje og dør momentant. Foreldrenes forklaringer spriker. Begge har noe å skjule. Hvem har retten til et barn? Hvordan kan et barn dø slik? Denne gangen vet Konrad Sejer at det er uhyre viktig å finne sannheten. Formørkelsen er en mesterlig kriminalroman og et farlig ekteskapsdrama.
=650  \7$aSejer, Konrad (fiktiv person)$2bokbas
=651  \7$aAustlandet$2bokbas$9nno
=651  \7$aØstlandet$2bokbas$9nob
=655  \7$aKrim$2bokbas$9nno
=655  \7$aKrim$2bokbas$9nob
=655  \7$aLydbøker$2bokbas$9nno
=655  \7$aLydbøker$2bokbas$9nob
=655  \7$aPoliti og detektivar$2bokbas$9nno
=655  \7$aPoliti og detektiver$2bokbas$9nob
=655  \7$aRomanar$2bokbas$9nno
=655  \7$aRomaner$2bokbas$9nob
=700  1\$aHaugen, Kim$d1958-$0(NO-TrBIB)98011890$4nrt
=780  00$tHviskeren
=852  8\$b0030100$cg00005$hNA/A 2019:486
=852  8\$b0183334$cg00001
=856  41$amedia.boknett.no$3Miniatyrbilde$uhttps://media.boknett.no/objects/96/62/150306296/productimage_OS_6739a23f5877b69afce7d5b85ece1ce65cc811cf.jpg$nBokbasen, Oslo$qimage/jpeg
=856  41$amedia.boknett.no$3Omslagsbilde$uhttps://media.boknett.no/objects/96/62/150306296/productimage_ORG_133e30ec1eadc2971034d12da8f8b0fad1dfbe39.jpg$nBokbasen, Oslo$qimage/jpeg
=856  42$3Forlagets beskrivelse (lang)$uhttps://contents.bibs.aws.unit.no/?isbn=9788202613532
=856  42$3Omslagsbilde$uhttps://contents.bibs.aws.unit.no/files/images/large/2/3/9788202613532.jpg$qimage/jpeg
=856  42$3Omslagsbilde$uhttps://contents.bibs.aws.unit.no/files/images/small/2/3/9788202613532.jpg$qimage/jpeg
=856  42$3Originalt bilde$uhttps://contents.bibs.aws.unit.no/files/images/original/2/3/9788202613532.jpg$qimage/jpeg
=913  \\$aNorbok$bNB

