=LDR  01406nam a2200361 c 4500
=001  999919977093902202
=005  20230601124210.0
=007  ta
=008  190130t20182018xxk\\\\e\|||||00|\f\eng|\
=020  \\$a978-1-787-30094-1$qheftet
=035  \\$a(EXLNZ-47BIBSYS_NETWORK)999920755877102201
=040  \\$aNO-OsNB$bnob$erda
=041  1\$aeng$hnob
=082  04$a839.8238$223/nor$qNO-OsNB
=100  1\$aFossum, Karin$d1954-$0(NO-TrBIB)90608300$4aut
=245  10$aThe whisperer$cKarin Fossum ; translated from the Norwegian by Kari Dickson
=246  1\$iOriginaltittel:$aHviskeren
=264  \1$aLondon$bHarvill Secker$c[2018]
=264  \4$c©2018
=300  \\$a373 sider$c24 cm
=336  \\$atekst$2rdaco
=337  \\$auformidlet$2rdamt
=338  \\$abind$2rdact
=655  \7$aRomaner$0(uri)https://id.nb.no/vocabulary/ntsf/258$2ntsf
=700  1\$aDickson, Kari$d1966-$0(NO-TrBIB)12054336$4trl
=765  0\$tHviskeren$w999920144095102201$z978-82-02-52631-3
=852  8\$b0030100$cg00005$hNA/A 2019:1306
=856  42$3Forlagets beskrivelse (kort)$uhttps://contents.bibs.aws.unit.no/content/?isbn=9781787300941
=856  42$3Forlagets beskrivelse (lang)$uhttps://contents.bibs.aws.unit.no/content/?isbn=9781787300941
=856  42$3Omslagsbilde$uhttps://contents.bibs.aws.unit.no/files/images/large/1/4/9781787300941.jpg$qimage/jpeg
=913  \\$aNorbok$bNB
=913  \\$aNORLA$bNB
=960  \\$an$9local

