=LDR  01326nam a2200325 c 4500
=001  999919977094002202
=005  20230601124210.0
=007  ta
=008  190130s2018\\\\gw\\\\\e\||||||||\1|ger|\
=020  \\$a978-3-492-50204-7$qheftet
=035  \\$a(EXLNZ-47BIBSYS_NETWORK)999920755877202201
=040  \\$aNO-OsNB$bnob$erda
=041  1\$ager$hnob
=082  04$a839.82374$223/nor$qNO-OsNB
=100  1\$aFossum, Karin$d1954-$0(NO-TrBIB)90608300$4aut
=240  10$aCarmen Zita og døden$lTysk
=245  10$aSchlafe, mein Prinzchen, schlaf ein :$bKriminalroman$cKarin Fossum
=264  \1$aMünchen$bPiper$c[2018]
=300  \\$a223 sider
=336  \\$atekst$0http://rdaregistry.info/termList/RDAContentType/1020$2rdaco
=337  \\$auformidlet$0http://rdaregistry.info/termList/RDAMediaType/1007$2rdamt
=338  \\$abind$0http://rdaregistry.info/termList/RDACarrierType/1049$2rdact
=655  \7$aRomaner$0(uri)https://id.nb.no/vocabulary/ntsf/258$2ntsf
=700  1\$aFossum, Karin$d1954-$tCarmen Zita og døden$lTysk$0(NO-TrBIB)90608300
=700  1\$iOversettelse av:$aFossum, Karin$d1954-$tCarmen Zita og døden$lNorsk$0(NO-TrBIB)90608300
=765  0\$tCarmen Zita og døden$w991320215364702201$z9788202421373
=852  8\$b0030100$cg00005$hNA/A 2022:6164
=913  \\$aNorbok$bNB
=913  \\$aNORLA$bNB
=960  \\$an$9local

