=LDR  01097nam a2200325 c 4500
=001  999919979090902202
=005  20230601124256.0
=007  ta
=008  190208t20182018gw\\\\\e\|||||00|\f\ger|\
=020  \\$a978-3-492-50161-3$qheftet
=035  \\$a(EXLNZ-47BIBSYS_NETWORK)999920780278702201
=040  \\$aNO-OsNB$bnob$erda
=041  1\$ager$hnob
=082  04$a839.8238$223/nor$qNO-OsNB
=100  1\$aFossum, Karin$d1954-$0(NO-TrBIB)90608300$4aut
=245  10$aEine undankbare Frau :$bKriminalroman$cKarin Fossum ; übersetzt aus dem Norwegischen von Gabriele Haefs
=246  1\$iOriginaltittel:$aVarsleren
=264  \1$aMünchen$bPiper$c[2018]
=264  \4$c©2018
=300  \\$a303 sider$c21 cm
=336  \\$atekst$2rdaco
=337  \\$auformidlet$2rdamt
=338  \\$abind$2rdact
=655  \7$aRomaner$0(uri)https://id.nb.no/vocabulary/ntsf/258$2ntsf
=700  1\$aHaefs, Gabriele$d1953-$0(NO-TrBIB)90353340$4trl
=765  0\$tVarsleren$w990925566714702201$z978-82-02-30846-9
=852  8\$b0030100$cg00005$hNA/A 2019:1371
=913  \\$aNorbok$bNB
=913  \\$aNORLA$bNB
=960  \\$an$9local

