=LDR  01423cgm a2200325 c 4500
=001  999919985297502202
=005  20230105133932.0
=007  vd\|v||||
=008  110826s2009\\\\xx#|||||||||||####v|nob|d
=035  \\$a(EXLNZ-47BIBSYS_NETWORK)990932840984702201
=035  \\$a(NO-TrBIB)093284098
=035  \\$a093284098-47bibsys_network
=040  \\$aNO-TrBIB$bnob$ekatreg
=245  00$aEvas øye$cmanus og regi: Berit Nesheim$h[videoopptak]
=260  \\$aOslo$bNordisk film$c2009
=300  \\$a1 videoplate (DVD-video) (97 min)$blyd, kol.
=500  \\$aBasert på Karin Fossums roman med samme navn
=500  \\$aMedietilsynet : P7661
=500  \\$aNorsk tale, engelske eller norske undertekster valgbare
=500  \\$aProduksjon: Norge : Northern Lights, 1999.
=500  \\$aRolleliste: Andrine Sæther, Bjørn Sundquist, Gisken Armand, Sverre Anker Ousdal.
=653  \\$anorske$aspillefilmer$akriminalfilmer$akrim$acrime$adrama$athriller$anorge$anorway
=700  1\$aArmand, Gisken$d1962-$0(NO-TrBIB)98012201$4act
=700  1\$aNesheim, Berit$d1945-$0(NO-TrBIB)90566146$4aus$4drt
=700  1\$aOusdal, Sverre Anker$d1944-$0(NO-TrBIB)90939479$4act
=700  1\$aSæther, Andrine$d1964-$0(NO-TrBIB)68643$4act
=700  1\$aSundquist, Bjørn$d1948-$0(NO-TrBIB)90235465$4act
=700  12$aFossum, Karin$d1954-$tEvas Øye$0(NO-TrBIB)90608300$4ant
=856  42$3Sammendrag$uhttp://www.imdb.com/title/tt0188605/
=901  \\$a80

