=LDR  03363nam a2200529 c 4500
=001  999919985900202202
=005  20230601123625.0
=007  ta
=008  181220s2019\\\\no\\\\\e\|||||00|\f\nob|\
=020  \\$a978-82-02-62217-6$qh.$cNkr 179.00
=035  \\$a(EXLNZ-47BIBSYS_NETWORK)999920719160702201
=035  \\$a(NO-OsBAS)150308306
=040  \\$aNO-OsBAS$bnob$dNO-OsNB$ekatreg
=082  04$a839.82374$qNO-OsBAS$223/nor
=100  1\$aFossum, Karin$d1954-$0(NO-TrBIB)90608300$4aut
=245  10$aFormørkelsen :$broman$cKarin Fossum
=260  \\$aOslo$bCappelen Damm$c2019
=300  \\$a332 s.$c21 cm
=336  \\$atext$btxt$2rdacontent
=337  \\$aunmediated$bn$2rdamedia
=338  \\$avolume$bnc$2rdacarrier
=490  1\$aEn Konrad Sejer-krim$v[14]
=520  \\$aFormørkelsen er et farlig ekteskapsdrama og en mesterlig kriminalroman. Dette er bok 14 i serien om Konrad Sejer. Ekteparet Sylvi og Miele sjekker inn på hotell med sin femten måneder gamle sønn Elias. Den lille gutten leker på teppet i lobbyen, og resepsjonisten Sun-Lee tar bilde av ham med mobilen. Tidlig neste morgen skjer det forferdelige: Gutten styrter i døden fra hotellrommets balkong i sjuende etasje. Både Sylvi og Miele utpekes som mistenkte, og Konrad Sejer settes på saken. Parets forklaringer spriker. Det som var et ekteskap, er blitt et destruktivt og spent spill mellom to desperate voksne. I mangel på bevis blir begge foreldrene frikjent, men Sejer slipper ikke saken. Tankene hans er hos det uskyldige barnet, og denne gangen vet han at det er uhyre viktig å finne sannheten.
=533  \\$aElektronisk reproduksjon$b[Norge]$cNasjonalbiblioteket Digital$d2021-11-24
=650  \7$aSejer, Konrad (fiktiv person)$2bokbas
=651  \7$aAustlandet$2bokbas$9nno
=651  \7$aØstlandet$2bokbas$9nob
=655  \7$aKrim$2bokbas$9nno
=655  \7$aKrim$2bokbas$9nob
=655  \7$aPoliti og detektivar$2bokbas$9nno
=655  \7$aPoliti og detektiver$2bokbas$9nob
=655  \7$aRomanar$2bokbas$9nno
=655  \7$aRomaner$0(uri)https://id.nb.no/vocabulary/ntsf/258$2ntsf
=655  \7$aRomaner$2bokbas$9nob
=780  00$tHviskeren
=800  1\$aFossum, Karin$d1954-$tEn Konrad Sejer-krim$v14$0(NO-TrBIB)90608300
=852  8\$b0030100$cg00005$hNA/A 2019:3453
=852  8\$b0183334$cg00001
=856  40$3$yNB Digital$uhttp://urn.nb.no/URN:NBN:no-nb_digibok_2021110548521$z
=856  41$3Fulltekst$uhttps://urn.nb.no/URN:NBN:no-nb_digibok_2021110548521$yNettbiblioteket$zDigital representasjon
=856  41$amedia.boknett.no$3Miniatyrbilde$uhttps://media.boknett.no/objects/06/83/150308306/productimage_OS_02cda347bf5814120b1a6dd15291dec8aed1d981.jpg$nBokbasen, Oslo$qimage/jpeg
=856  41$amedia.boknett.no$3Omslagsbilde$uhttps://media.boknett.no/objects/06/83/150308306/productimage_ORG_deb351a0d1f511b35a880828b029d77f7a451a40.jpg$nBokbasen, Oslo$qimage/jpeg
=856  42$3Forlagets beskrivelse (lang)$uhttps://contents.bibs.aws.unit.no/content/?isbn=9788202622176
=856  42$3Omslagsbilde$uhttps://contents.bibs.aws.unit.no/files/images/large/6/7/9788202622176.jpg$qimage/jpeg
=856  42$3Omslagsbilde$uhttps://contents.bibs.aws.unit.no/files/images/small/6/7/9788202622176.jpg$qimage/jpeg
=856  42$3Originalt bilde$uhttps://contents.bibs.aws.unit.no/files/images/original/6/7/9788202622176.jpg$qimage/jpeg
=913  \\$aNorbok$bNB

