=LDR  01652nam a2200409 c 4500
=001  999920005295202202
=005  20230601131329.0
=007  ta
=008  190819s2019\\\\bu\\\\\e\|||||000\1\bul\\
=020  \\$a9789543574148$qheftet
=035  \\$a(EXLNZ-47BIBSYS_NETWORK)999920901277402201
=040  \\$aNO-OsNB$bnob$erda
=041  1\$abul$anob
=082  04$a839.82374$223/nor$qNO-OsNB
=100  1\$aFossum, Karin$d1954-$0(NO-TrBIB)90608300$4aut
=240  1\$aDrapet på Harriet Krohn$lBulgarsk
=245  10$6880-01$aUbijstvoto na Chariet Krun$cKarin Fosum
=880  10$6245-01/(N$aУбийството на Хариет Крун$cКарин Фосум
=250  \\$aI izdanie
=264  \1$a[Sofija]$bIK "EMAS"$c[2019]
=300  \\$a245 sider
=336  \\$atekst$0http://rdaregistry.info/termList/RDAContentType/1020$2rdaco
=337  \\$auformidlet$0http://rdaregistry.info/termList/RDAMediaType/1007$2rdamt
=338  \\$abind$0http://rdaregistry.info/termList/RDACarrierType/1049$2rdact
=490  1\$6880-02$aKriminale$v40
=880  1\$6490-02/(N$aКриминале$v40
=536  \\$aNORLA
=655  \7$aRomaner$0(uri)https://id.nb.no/vocabulary/ntsf/258$2ntsf
=700  1\$aFossum, Karin$d1954-$tDrapet på Harriet Krohn$lBulgarsk$0(NO-TrBIB)90608300
=700  1\$aKŭneva, Eva$d1985-$0(NO-TrBIB)10039674$4trl
=700  1\$iOversettelse av:$aFossum, Karin$d1954-$tDrapet på Harriet Krohn$lNorsk$0(NO-TrBIB)90608300
=765  0\$tDrapet på Harriet Krohn$w990510247214702201$z9788202244767
=830  \0$aKriminale$v40
=852  8\$b0030100$cg00005$hNA/A 2022:3793
=913  \\$aNorbok$bNB
=913  \\$aNORLA$bNB
=960  \\$an$9local

