=LDR  01340nam a2200325 c 4500
=001  999920011603302202
=005  20230601131623.0
=007  ta
=008  190910s2019\\\\xxu\\\\e\|||||00|\f\eng|\
=020  \\$a978-1-328-61419-3$qinnbundet
=035  \\$a(EXLNZ-47BIBSYS_NETWORK)999920910492602201
=040  \\$aNO-OsNB$bnob$erda
=041  1\$aeng$hnob
=082  04$a839.82374$223/nor$qNO-OsNB
=100  1\$aFossum, Karin$d1954-$0(NO-TrBIB)90608300$4aut
=245  10$aThe whisperer$cKarin Fossum ; translated from the Norwegian by Kari Dickson
=246  1\$iOriginaltittel:$aHviskeren
=264  \1$aBoston$bHoughton Mifflin Harcourt$c2019
=300  \\$a324 sider$c24 cm
=336  \\$atekst$0http://rdaregistry.info/termList/RDAContentType/1020$2rdaco
=337  \\$auformidlet$0http://rdaregistry.info/termList/RDAMediaType/1007$2rdamt
=338  \\$abind$0http://rdaregistry.info/termList/RDACarrierType/1049$2rdact
=655  \7$aRomaner$0(uri)https://id.nb.no/vocabulary/ntsf/258$2ntsf
=700  1\$aDickson, Kari$d1966-$0(NO-TrBIB)12054336$4trl
=765  0\$tHviskeren$w999920144095102201$z978-82-02-52631-3
=852  8\$b0030100$cg00005$hNA/A 2019:7208
=856  42$3Omslagsbilde$uhttps://contents.bibs.aws.unit.no/files/images/large/3/9/9781328614193.jpg$qimage/jpeg
=913  \\$aNorbok$bNB
=913  \\$aNORLA$bNB
=960  \\$an$9local

