=LDR  01352nam a2200349 c 4500
=001  999920015482302202
=005  20230601131932.0
=007  ta
=008  191023s2019\\\\gw\\\\\e\|||||00|\f\ger|\
=020  \\$a978-3-492-21854-2$qheftet
=035  \\$a(EXLNZ-47BIBSYS_NETWORK)999920919022402201
=040  \\$aNO-OsNB$bnob$erda
=041  1\$ager$hnob
=082  04$a839.8238$223/nor$qNO-OsNB
=100  1\$aFossum, Karin$d1954-$0(NO-TrBIB)90608300$4aut
=245  14$aDie Stille bringt den Tod :$bKriminalroman$cKarin Fossum ; aus dem Norwegischen von Gabriele Haefs
=246  1\$iOriginaltittel:$aHviskeren
=250  \\$aDeutsche Erstausgabe
=264  \1$aMünchen$bPiper$cOktober 2019
=300  \\$a379 sider$c19 cm
=336  \\$atekst$0http://rdaregistry.info/termList/RDAContentType/1020$2rdaco
=337  \\$auformidlet$0http://rdaregistry.info/termList/RDAMediaType/1007$2rdamt
=338  \\$abind$0http://rdaregistry.info/termList/RDACarrierType/1049$2rdact
=500  \\$aOpplagshistorikk: 2. Auflage November 2019
=536  \\$aNORLA
=655  \7$aRomaner$0(uri)https://id.nb.no/vocabulary/ntsf/258$2ntsf
=700  1\$aHaefs, Gabriele$d1953-$0(NO-TrBIB)90353340$4trl
=765  0\$tHviskeren$w999920144095102201$z978-82-02-52631-3
=852  8\$b0030100$cg00005$hNA/A 2019:8820
=913  \\$aNorbok$bNB
=913  \\$aNORLA$bNB
=960  \\$an$9local

