=LDR  02122nam a2200469 c 4500
=001  999920037403902202
=005  20230601133423.0
=007  ta
=008  200113s2019\\\\sp\\\\\e\|||||00|\f\spa|\
=020  \\$a978-84-663-4964-2$qheftet
=035  \\$a(EXLNZ-47BIBSYS_NETWORK)999920983494102201
=040  \\$aNO-OsNB$bnob$erda
=041  1\$aspa$hnob
=082  04$a839.8238$223/nor$qNO-OsNB
=100  1\$aFossum, Karin$d1954-$0(NO-TrBIB)90608300$4aut
=240  10$aDen som elsker noe annet$lSpansk
=245  13$aAl final de la orilla$cKarin Fossum ; traducción de Lotte Katrine Tollefsen
=250  \\$aPrimera edición
=264  \1$aBarcelona$bDebolsillo$cnoviembre de 2019
=300  \\$a250 sider$c19 cm
=336  \\$atekst$0http://rdaregistry.info/termList/RDAContentType/1020$2rdaco
=337  \\$auformidlet$0http://rdaregistry.info/termList/RDAMediaType/1007$2rdamt
=338  \\$abind$0http://rdaregistry.info/termList/RDACarrierType/1049$2rdact
=490  1\$aBiblioteca Karin Fossum
=490  1\$aInédito bestseller
=490  1\$aInspector Sejer$v8
=500  \\$aNummer på ryggen: 529
=533  \\$aElektronisk reproduksjon$b[Norge]$cNasjonalbiblioteket Digital$d2022-10-06
=655  \7$aRomaner$0(uri)https://id.nb.no/vocabulary/ntsf/258$2ntsf
=700  1\$aFossum, Karin$d1954-$tDen som elsker noe annet$lSpansk$0(NO-TrBIB)90608300
=700  1\$aTollefsen, Lotte K.$d1964-$0(NO-TrBIB)12003278$4trl
=700  1\$iOversettelse av:$aFossum, Karin$d1954-$tDen som elsker noe annet$lNorsk$0(NO-TrBIB)90608300
=765  0\$tDen som elsker noe annet$w990708482894702201$z9788202275242
=800  1\$aFossum, Karin$d1954-$tBiblioteca Karin Fossum$0(NO-TrBIB)90608300
=800  1\$aFossum, Karin$d1954-$tEn Konrad Sejer-krim$lSpansk$v8$0(NO-TrBIB)90608300
=830  \0$aBestseller
=852  8\$b0030100$cg00005$hNA/A 2020:420
=856  40$3$yNB Digital$uhttp://urn.nb.no/URN:NBN:no-nb_digibok_2022081548508$z
=856  41$3Fulltekst$uhttps://urn.nb.no/URN:NBN:no-nb_digibok_2022081548508$yNettbiblioteket$zDigital representasjon
=913  \\$aNorbok$bNB
=913  \\$aNORLA$bNB
=960  \\$an$9local

