=LDR  01425nam a2200337 c 4500
=001  999920037404002202
=005  20230601133424.0
=007  ta
=008  200113s2019\\\\xxk\\\\e\|||||00|\f\eng|\
=020  \\$a978-1-784-70939-6$qheftet
=035  \\$a(EXLNZ-47BIBSYS_NETWORK)999920983494202201
=040  \\$aNO-OsNB$bnob$erda
=041  1\$aeng$hnob
=082  04$a839.8238$223/nor$qNO-OsNB
=100  1\$aFossum, Karin$d1954-$0(NO-TrBIB)90608300$4aut
=245  14$aThe whisperer$cKarin Fossum ; translated from the Norwegian by Kari Dickson
=246  1\$iOriginaltittel:$aHviskeren
=264  \1$aLondon$bVintage$c2019
=300  \\$a373 sider$c20 cm
=336  \\$atekst$0http://rdaregistry.info/termList/RDAContentType/1020$2rdaco
=337  \\$auformidlet$0http://rdaregistry.info/termList/RDAMediaType/1007$2rdamt
=338  \\$abind$0http://rdaregistry.info/termList/RDACarrierType/1049$2rdact
=655  \7$aRomaner$0(uri)https://id.nb.no/vocabulary/ntsf/258$2ntsf
=700  1\$aDickson, Kari$d1966-$0(NO-TrBIB)12054336$4trl
=765  0\$tHviskeren$w999920144095102201$z978-82-02-52631-3
=852  8\$b0030100$cg00005$hNA/A 2020:421
=856  42$3Forlagets beskrivelse (lang)$uhttps://contents.bibs.aws.unit.no/content/?isbn=9781784709396
=856  42$3Omslagsbilde$uhttps://contents.bibs.aws.unit.no/files/images/large/6/9/9781784709396.jpg$qimage/jpeg
=913  \\$aNorbok$bNB
=913  \\$aNORLA$bNB
=960  \\$an$9local

