=LDR  01424nam a2200337 c 4500
=001  999920067800402202
=005  20230601135233.0
=007  ta
=008  200528s2020\\\\ne\\\\\e\|||||00|\f\dut|\
=020  \\$a978-90-225-8822-2$qheftet
=035  \\$a(EXLNZ-47BIBSYS_NETWORK)999921107376002201
=040  \\$aNO-OsNB$bnob$erda
=041  1\$adut$hnob
=082  04$a839.82374$223/nor$qNO-OsNB
=100  1\$aFossum, Karin$d1954-$0(NO-TrBIB)90608300$4aut
=245  13$aDe verduistering :$bCommissaris Konrad Sejer zoekt naar de waarheid in een familiedrama - wat is er écht gebeurd?$cKarin Fossum ; vertaling: Sofie Maertens en Michiel Vanhee
=246  1\$iOriginaltittel:$aFormørkelsen
=264  \1$aAmsterdam$bBoekerij$c[2020]
=300  \\$a380 sider$c22 cm
=336  \\$atekst$0http://rdaregistry.info/termList/RDAContentType/1020$2rdaco
=337  \\$auformidlet$0http://rdaregistry.info/termList/RDAMediaType/1007$2rdamt
=338  \\$abind$0http://rdaregistry.info/termList/RDACarrierType/1049$2rdact
=536  \\$aLiteratuur Vlaanderen
=655  \7$aRomaner$0(uri)https://id.nb.no/vocabulary/ntsf/258$2ntsf
=700  1\$aMaertens, Sofie$d1981-$0(NO-TrBIB)13002019$4trl
=700  1\$aVanhee, Michiel$d1981-$0(NO-TrBIB)1542227329326$4trl
=765  0\$tFormørkelsen$w999920568691002201$z978-82-02-60079-2
=852  8\$b0030100$cg00005$hNA/A 2020:6658
=913  \\$aNorbok$bNB
=913  \\$aNORLA$bNB
=960  \\$an$9local

