=LDR  03522nam a2200601 c 4500
=001  999920079474402202
=005  20240424101424.0
=007  ta
=008  200610s2020\\\\no\\\\\e\|||||00|\f\nob|\
=020  \\$a9788202670511$qinnbundet$cNkr 379.00
=035  \\$a(EXLNZ-47BIBSYS_NETWORK)999921117890302201
=035  \\$a(NO-OsBAS)150351005
=040  \\$aNO-OsBAS$bnob$erda$dNO-OsNB
=082  04$a839.82374$qNO-OsBAS$223/nor
=100  1\$aFossum, Karin$d1954-$0(NO-TrBIB)90608300$4aut
=245  10$aBakom synger døden$cKarin Fossum
=250  \\$a1. utgave
=264  \1$aOslo$bCappelen Damm$c[2020]
=300  \\$a380 sider$c22 cm
=336  \\$atekst$0http://rdaregistry.info/termList/RDAContentType/1020$2rdaco
=337  \\$auformidlet$0http://www.rdaregistry.info/termList/RDAMediaType/#1007$2rdamt
=338  \\$abind$0http://www.rdaregistry.info/termList/RDACarrierType/#1049$2rdact
=490  1\$aEn Konrad Sejer-krim$v[15]
=520  \\$aBakom synger døden av Karin Fossum er en dyptborende kriminalroman om det vakre og det heslige, ømhet og vold, livsløgn og vond virkelighet. En enslig mor finner en urovekkende tegning på sønnens rom. En ung mann og en tenåringsgutt møtes tilfeldig på svaberget ved det dype vannet i Svartlandsskog. Dagen etter blir seksten år gamle Gritt Zeeland funnet død i samme skog. Det er så mange grunner til at en pen, ung jente kan være i fare. Overbetjent Sejer får en smertefull mordgåte i hendene, med mange mulige forklaringer. Gritt Zeeland lot nesten ikke noen slippe innpå seg, men det var svært mange - både unge og voksne - som hadde lagt merke til henne.
=536  \\$aKulturfond
=588  \\$aSerietittel fra løst omslag
=650  \7$aSejer, Konrad (fiktiv person)$2bokbas
=651  \7$aAustlandet$2bokbas$9nno
=651  \7$aØstlandet$2bokbas$9nob
=655  \7$aKrim$2bokbas$9nno
=655  \7$aKrim$2bokbas$9nob
=655  \7$aPoliti og detektivar$2bokbas$9nno
=655  \7$aPoliti og detektiver$2bokbas$9nob
=655  \7$aRomanar$2bokbas$9nno
=655  \7$aRomaner$0(uri)https://id.nb.no/vocabulary/ntsf/258$2ntsf
=655  \7$aRomaner$2bokbas$9nob
=767  0\$tBag dem synger døden$w999921542505602201$z978-87-02-30880-8
=767  0\$tDär döden väntar$w999922380059402201$z978-91-37-50958-7
=767  0\$tZwanenzang$w999921374593702201$z978-90-225-8812-3
=767  0\$tZwanenzang$w999922074275602201$z978-90-225-9733-0
=780  00$tFormørkelsen
=800  1\$aFossum, Karin$d1954-$tEn Konrad Sejer-krim$v15$0(NO-TrBIB)90608300
=852  8\$b0030100$cg00005$hNA/A 2020:7637
=852  8\$b0183334$cg00001
=856  41$amedia.boknett.no$3Miniatyrbilde$uhttps://media.boknett.no/objects/05/10/150351005/productimage_OS_1e1a93dbd1867d7d13ed7d8251e56a1cc6596749.jpg$nBokbasen, Oslo$qimage/jpeg
=856  41$amedia.boknett.no$3Omslagsbilde$uhttps://media.boknett.no/objects/05/10/150351005/productimage_ORG_ce2c47e788a9a8053dd4f93d720a269d556a3997.jpg$nBokbasen, Oslo$qimage/jpeg
=856  42$3Forlagets beskrivelse (lang)$uhttps://contents.bibs.aws.unit.no/content/?isbn=9788202670511
=856  42$3Omslagsbilde$uhttps://contents.bibs.aws.unit.no/files/images/large/1/1/9788202670511.jpg$qimage/jpeg
=856  42$3Omslagsbilde$uhttps://contents.bibs.aws.unit.no/files/images/small/1/1/9788202670511.jpg$qimage/jpeg
=856  42$3Originalt bilde$uhttps://contents.bibs.aws.unit.no/files/images/original/1/1/9788202670511.jpg$qimage/jpeg
=913  \\$aKulturfond$bNB
=913  \\$aNorbok$bNB
=913  \\$aNORLA$bNB

