=LDR  02820cam a2200493 c 4500
=001  999920117099802202
=005  20230601143713.0
=007  ta
=008  201208s2021\\\\no\\\\\e\||||||0|\1\nob|\
=020  \\$a9788202704124$cNkr 199.00$qheftet
=035  \\$a(EXLNZ-47BIBSYS_NETWORK)999921261685702201
=035  \\$a(NO-OsBA)0602530
=035  \\$aoai:bibbi.bs.no:0602530
=035  \\$aoai:mlnb.bs.no:0602530
=040  \\$aNO-OsBA$bnob$erda$dNO-OsNB
=082  04$a839.82374$qNO-OsBA$223/nor
=100  1\$aFossum, Karin$d1954-$0(NO-TrBIB)90608300$4aut
=240  10$aBakom synger døden$lNorsk
=245  10$aBakom synger døden$cKarin Fossum
=250  \\$a1. utgave
=264  \1$aOslo$bCappelen Damm$c[2021]
=300  \\$a380 sider$c21 cm
=336  \\$atekst$0http://rdaregistry.info/termList/RDAContentType/1020$2rdaco
=337  \\$auformidlet$0http://rdaregistry.info/termList/RDAMediaType/1007$2rdamt
=338  \\$abind$0http://rdaregistry.info/termList/RDACarrierType/1049$2rdact
=490  1\$aEn Konrad Sejer-krim
=500  \\$a1. utgave (innbundet) 2020
=520  \\$aGritt er den peneste jenta av alle ungdommene som vanker på kafeen på Kajsa. Hun og bestevenninnen er der hver kveld. En ung mann og en gutt møtes tilfeldig på et svaberg i Svarlandsskog, dagen etter blir Gitta funnet død i samme skog. En enslig mor finner en tegning på sønnens rom som gjør henne urolig. Det var mange som la merke til Gitta, men hun lot svært få komme innpå seg. Overbetjent Sejer står overfor en smertefull mordgåte med mange mulige forklaringer. Boken inngår i BS Bestselgerabonnement. Omtalen er utarbeidet av BS.
=650  27$aSejer, Konrad (fiktiv person)$0(NO-OsBA)1131446$2bibbi$9nno
=650  27$aSejer, Konrad (fiktiv person)$0(NO-OsBA)1131446$2bibbi$9nob
=650  27$aSkarre, Jacob (fiktiv person)$0(NO-OsBA)1139322$2bibbi$9nno
=650  27$aSkarre, Jacob (fiktiv person)$0(NO-OsBA)1139322$2bibbi$9nob
=655  \7$aKrim$0(uri)https://id.nb.no/vocabulary/ntsf/159$2ntsf
=655  \7$aRomaner$0(uri)https://id.nb.no/vocabulary/ntsf/258$2ntsf
=700  1\$aFossum, Karin$d1954-$tBakom synger døden$lNorsk
=800  1\$aFossum, Karin$d1954-$tEn Konrad Sejer-krim$v15$0(NO-TrBIB)90608300
=830  \0$aEn Konrad Sejer-krim
=852  8\$b0030100$cg00005$hNA/A 2021:2102
=852  8\$b0183334$cg00001
=856  42$3Forlagets beskrivelse (lang)$uhttps://contents.bibs.aws.unit.no/content/?isbn=9788202704124
=856  42$3Omslagsbilde$uhttps://contents.bibs.aws.unit.no/files/images/large/4/2/9788202704124.jpg$qimage/jpeg
=856  42$3Omslagsbilde$uhttps://contents.bibs.aws.unit.no/files/images/small/4/2/9788202704124.jpg$qimage/jpeg
=856  42$3Originalt bilde$uhttps://contents.bibs.aws.unit.no/files/images/original/4/2/9788202704124.jpg$qimage/jpeg
=913  \\$aNorbok$bNB

