=LDR  01969nam a2200445 c 4500
=001  999920119094702202
=005  20240603113201.0
=007  ta
=008  210212s2020\\\\ua\\\\\e\\\\\\000\1\ara\\
=020  \\$a9789773195830$qheftet
=035  \\$a(EXLNZ-47BIBSYS_NETWORK)999921291584602201
=040  \\$aNO-OsNB$bnob$erda
=041  1\$aara$hnob
=082  04$a839.82374$qNO-OsNB$223/nor/20230801
=100  1\$aFossum, Karin$d1954-$0(NO-TrBIB)90608300$4aut
=240  10$aElskede Poona$lArabisk
=245  10$6880-01$aJarimah al-'arus hindiyih :$briwayah min al-Nurwij$cKarin Fosum
=880  10$6245-01/(3/r$aجريمة العروس الهندية :$bرواية من النرويج$cكارين فوسم
=264  \1$aal-Qāhira$bal-'Arabi lil-nashr wa-al-tawzi'$c2020
=300  \\$a351 sider
=336  \\$atekst$0http://rdaregistry.info/termList/RDAContentType/1020$2rdaco
=337  \\$auformidlet$0http://rdaregistry.info/termList/RDAMediaType/1007$2rdamt
=338  \\$abind$0http://rdaregistry.info/termList/RDACarrierType/1049$2rdact
=490  1\$6880-02$aSasah al-muhaqqaq Kunrad Syyr$v5
=490  1\$6880-03$aRiwayat mutarjamah
=880  1\$6490-02/(3/r$aكونراد سيير ساساه المحقق$v5
=880  1\$6490-03/(3/r$aروايات مترجمة
=536  \\$aNORLA
=655  \7$aKrim$0(uri)https://id.nb.no/vocabulary/ntsf/159$2ntsf
=655  \7$aRomaner$0(uri)https://id.nb.no/vocabulary/ntsf/258$2ntsf
=700  1\$a'Adil, Hind$0(NO-TrBIB)1689826982571$4trl
=700  1\$aFossum, Karin$d1954-$tElskede Poona$lArabisk$0(NO-TrBIB)90608300
=700  1\$iOversettelse av:$aFossum, Karin$d1954-$tElskede Poona$lNorsk$0(NO-TrBIB)90608300
=765  0\$tElskede Poona$w990011580154702201$z82-02-20135-7
=800  1\$aFossum, Karin$d1954-$tEn Konrad Sejer krim$lArabisk$v5$0(NO-TrBIB)90608300
=830  \0$aRiwayat mutarjamah
=852  8\$b0030100$cg00005$hNA/A 2023:4902
=913  \\$aNorbok$bNB
=913  \\$aNORLA$bNB
=960  \\$an$9local

