=LDR  01967nam a2200421 c 4500
=001  999920119094802202
=005  20240603113300.0
=007  ta
=008  210212s2020\\\\ua\a\\\e\\\\\|00|\1\ara\\
=020  \\$a9789773196127$qheftet
=035  \\$a(EXLNZ-47BIBSYS_NETWORK)999921291584702201
=040  \\$aNO-OsNB$bnob$erda
=041  1\$aara$hnob
=082  04$a839.82374$qNO-OsNB$223/nor/20230802
=100  1\$aFossum, Karin$d1954-$0(NO-TrBIB)90608300$4aut
=240  10$aDen som elsker noe annet$lArabisk
=245  10$6880-02$aJarimah 'ala hafah al-bahaira :$briwayah min al-Nurwij$cKarin Fosum
=880  10$6245-02/(3/r$aجريمة على حافة البحيرة :$bرواية من النرويج$cكارين فوس
=264  \1$aal-Qāhira$bal-'Arabi lil-nashr wa-al-tawzi'$c2020
=300  \\$a288 sider$billustrasjoner
=336  \\$atekst$0http://rdaregistry.info/termList/RDAContentType/1020$2rdaco
=337  \\$auformidlet$0http://rdaregistry.info/termList/RDAMediaType/1007$2rdamt
=338  \\$abind$0http://rdaregistry.info/termList/RDACarrierType/1049$2rdact
=490  1\$6880-01$aRiwayah mutarjamah
=490  1\$6880-03$aSasah al-muhaqqaq Kunrad Syyr$v8
=880  1\$6490-01/(3/r$aروايات مترجمة
=880  1\$6490-03/(3/r$aالسعود، محمد أبو$v8
=536  \\$aNORLA
=655  \7$aKrim$0(uri)https://id.nb.no/vocabulary/ntsf/159$2ntsf
=655  \7$aRomaner$0(uri)https://id.nb.no/vocabulary/ntsf/258$2ntsf
=700  1\$a'Adil, Hind$0(NO-TrBIB)1689826982571$4trl
=700  1\$aFossum, Karin$d1954-$tDen som elsker noe annet$lArabisk$0(NO-TrBIB)90608300
=700  1\$iOversettelse av:$aFossum, Karin$d1954-$tDen som elsker noe annet$lNorsk$0(NO-TrBIB)90608300
=765  0\$tDen som elsker noe annet$w990708482894702201$z9788202275242
=800  1\$aFossum, Karin$d1954-$tEn Konrad Sejer-krim$lArabisk$v8$0(NO-TrBIB)90608300
=830  \0$aRiwayah mutarjamah
=852  8\$b0030100$cg00005$hNA/A 2023:4904
=913  \\$aNORLA$bNB

