=LDR  01691nam a2200373 c 4500
=001  999920120089102202
=005  20230601145211.0
=007  ta
=008  210226s2020\\\\sp\\\\\e\|||||00|\f\spa|\
=020  \\$a978-84-663-7039-4$qheftet
=035  \\$a(EXLNZ-47BIBSYS_NETWORK)999921292955502201
=040  \\$aNO-OsNB$bnob$erda
=041  1\$aspa$hnob
=082  04$a839.8238$223/nor$qNO-OsNB
=100  1\$aFossum, Karin$d1954-$0(NO-TrBIB)90608300$4aut
=240  10$aDen som elsker noe annet$lSpansk
=245  13$aAl final de la orilla$cKarin Fossum ; traducción de Lotte Katrine Tollefsen
=264  \1$aBarcelona$bPenguin$c[2020]
=300  \\$a250 sider$c19 cm
=336  \\$atekst$0http://rdaregistry.info/termList/RDAContentType/1020$2rdaco
=337  \\$auformidlet$0http://rdaregistry.info/termList/RDAMediaType/1007$2rdamt
=338  \\$abind$0http://rdaregistry.info/termList/RDACarrierType/1049$2rdact
=533  \\$aElektronisk reproduksjon$b[Norge]$cNasjonalbiblioteket Digital$d2022-09-12
=655  \7$aRomaner$0(uri)https://id.nb.no/vocabulary/ntsf/258$2ntsf
=700  1\$aFossum, Karin$d1954-$tDen som elsker noe annet$lSpansk
=700  1\$aTollefsen, Lotte K.$d1964-$0(NO-TrBIB)12003278$4trl
=700  1\$iOversettelse av:$aFossum, Karin$d1954-$tDen som elsker noe annet$lNorsk
=765  0\$tDen som elsker noe annet$w990708482894702201$z9788202275242
=852  8\$b0030100$cg00005$hNA/A 2021:2499
=856  40$3$yNB Digital$uhttp://urn.nb.no/URN:NBN:no-nb_digibok_2022081648534$z
=856  41$3Fulltekst$uhttps://www.nb.no/search?q=oaiid:"oai:nb.bibsys.no:999920120089102202"$yNettbiblioteket$zSøke-URL
=913  \\$aNorbok$bNB
=913  \\$aNORLA$bNB
=960  \\$an$9local

