=LDR  01406nam a2200349 c 4500
=001  999920120095302202
=005  20230601145216.0
=007  ta
=008  210223s2020\\\\rm\\\\\e\|||||000\f\rum\\
=020  \\$a978-606-8959-60-3$qheftet
=035  \\$a(EXLNZ-47BIBSYS_NETWORK)999921292967902201
=040  \\$aNO-OsNB$bnob$erda
=041  1\$arum$hnob
=082  04$a839.82374$223/nor$qNO-OsNB
=100  1\$aFossum, Karin$d1954-$0(NO-TrBIB)90608300$4aut
=240  10$aElskede Poona$lRumensk
=245  10$aDragă Poona$cKarin Fossum ; traducere din limba norvegiană de Iulia Dromereschi
=264  \1$aBucurești$bCrime Scene Press$c2020
=300  \\$a293 sider$c20 cm
=336  \\$atekst$0http://rdaregistry.info/termList/RDAContentType/1020$2rdaco
=337  \\$auformidlet$0http://rdaregistry.info/termList/RDAMediaType/1007$2rdamt
=338  \\$abind$0http://rdaregistry.info/termList/RDACarrierType/1049$2rdact
=536  \\$aNORLA
=655  \7$aRomaner$0(uri)https://id.nb.no/vocabulary/ntsf/258$2ntsf
=700  1\$aDromereschi, Iulia$0(NO-TrBIB)1615358752986$4trl
=700  1\$aFossum, Karin$d1954-$tElskede Poona$lRumensk$0(NO-TrBIB)90608300
=700  1\$iOversettelse av:$aFossum, Karin$d1954-$lNorsk$0(NO-TrBIB)90608300
=765  0\$tElskede Poona$w990937278014702201$z9788202301422
=852  8\$b0030100$cg00005$hNA/A 2021:2037
=913  \\$aNORLA$bNB
=913  \0$aNorbok$bNB
=960  \\$an$9local

