=LDR  01386nam a2200349 c 4500
=001  999920130904302202
=005  20230601150416.0
=007  ta
=008  210422s2021\\\\ci\\\\\e\|||||00|\f\hrv|\
=020  \\$a978-953-362-008-4$qheftet
=035  \\$a(EXLNZ-47BIBSYS_NETWORK)999921333194002201
=040  \\$aNO-OsNB$bnob$erda
=041  1\$ahrv$hnob
=082  04$a839.82374$223/nor$qNO-OsNB
=100  1\$aFossum, Karin$d1954-$0(NO-TrBIB)90608300$4aut
=240  10$aEvas øye$lKroatisk
=245  10$aEvino oko$cKarin Fossum ; s norveškoga prevela Anja Majnarić
=264  \1$aZagreb$bEdicije Božičević$c2021
=300  \\$a284 sider$c20 cm
=336  \\$atekst$0http://rdaregistry.info/termList/RDAContentType/1020$2rdaco
=337  \\$auformidlet$0http://rdaregistry.info/termList/RDAMediaType/1007$2rdamt
=338  \\$abind$0http://rdaregistry.info/termList/RDACarrierType/1049$2rdact
=536  \\$aNORLA
=655  \7$aRomaner$0(uri)https://id.nb.no/vocabulary/ntsf/258$2ntsf
=700  1\$aFossum, Karin$d1954-$tEvas øye$lKroatisk$0(NO-TrBIB)90608300
=700  1\$aMajnarić, Anja$d1982-$0(NO-TrBIB)12021959$4trl
=700  1\$iOversettelse av:$aFossum, Karin$d1954-$tEvas øye$lNorsk$0(NO-TrBIB)90608300
=765  0\$tEvas øye$w999523438194702201$z82-02-15853-2
=852  8\$b0030100$cg00005$hNA/A 2021:4004
=913  \\$aNorbok$bNB
=913  \\$aNORLA$bNB
=960  \\$an$9local

