=LDR  01598nam a2200361 c 4500
=001  999920141799102202
=005  20230601152441.0
=007  ta
=008  210618s2021\\\\ne\\\\\e\|||||00|\f\dut|\
=020  \\$a978-90-225-8812-3$qheftet
=035  \\$a(EXLNZ-47BIBSYS_NETWORK)999921374593702201
=040  \\$aNO-OsNB$bnob$erda
=041  1\$adut$hnob
=082  04$a839.82374$223/nor$qNO-OsNB
=100  1\$aFossum, Karin$d1954-$0(NO-TrBIB)90608300$4aut
=240  10$aBakom synger døden$lNederlandsk
=245  10$aZwanenzang :$been zestienjarig meisje wordt dood gevonden : commissaris Konrad Sejer gaat op onderzoek uit$cKarin Fossum ; vertaling: Michiel Vanhee en Sofie Maertens
=264  \1$aAmsterdam$bBoekerij$c[2021]
=300  \\$a447 sider$c22 cm
=336  \\$atekst$0http://rdaregistry.info/termList/RDAContentType/1020$2rdaco
=337  \\$auformidlet$0http://rdaregistry.info/termList/RDAMediaType/1007$2rdamt
=338  \\$abind$0http://rdaregistry.info/termList/RDACarrierType/1049$2rdact
=536  \\$aNORLA
=655  \7$aRomaner$0(uri)https://id.nb.no/vocabulary/ntsf/258$2ntsf
=700  1\$aFossum, Karin$d1954-$tBakom synger døden$lNederlandsk$0(NO-TrBIB)90608300
=700  1\$aMaertens, Sofie$d1981-$0(NO-TrBIB)13002019$4trl
=700  1\$aVanhee, Michiel$d1981-$0(NO-TrBIB)1542227329326$4trl
=700  1\$iOversettelse av:$aFossum, Karin$d1954-$tBakom synger døden$lNorsk$0(NO-TrBIB)90608300
=765  0\$tBakom synger døden$w999921117890302201$z9788202670511
=852  8\$b0030100$cg00005$hNA/A 2021:6379
=913  \\$aNorbok$bNB
=913  \\$aNORLA$bNB
=960  \\$an$9local

