=LDR  03789cam a2200613 c 4500
=001  999920149477702202
=005  20230601152124.0
=007  ta
=008  210610s2021\\\\no\\\\\e\||||||0|\1\nob|\
=020  \\$a9788202724405$cNkr 399.00$qinnbundet
=035  \\$a(EXLNZ-47BIBSYS_NETWORK)999921368383102201
=035  \\$a(NO-DIMO)44e18963-867d-475e-89ac-e0080a0fec71
=035  \\$a(NO-OsBA)0619707
=035  \\$a(NO-OsBAS)150375742
=035  \\$aoai:bibbi.bs.no:0619707
=035  \\$aoai:nb.no:pliktmonografi_000000626
=040  \\$aNO-OsBA$bnob$erda$dNO-OsNB
=080  \\$a839.6
=082  04$a839.82374$qNO-OsBA$223/nor
=100  1\$aFossum, Karin$d1954-$0(NO-TrBIB)90608300$4aut
=240  10$aDrepende drage, angrende hund$lNorsk
=245  10$aDrepende drage, angrende hund$broman$cKarin Fossum
=250  \\$a1. utgave
=264  \1$aOslo$bCappelen Damm$c2021
=300  \\$a239 sider$c21 cm
=336  \\$atekst$0http://rdaregistry.info/termList/RDAContentType/1020$2rdaco
=337  \\$auformidlet$0http://rdaregistry.info/termList/RDAMediaType/1007$2rdamt
=338  \\$abind$0http://rdaregistry.info/termList/RDACarrierType/1049$2rdact
=490  1\$aEn Feber-krim$v[1]
=520  \\$aDe to søsknene Aksel og Ellinor har vært nært knyttet til hverandre hele livet. Nå er Aksel journalist i lokalavisen med et særlig talent for å skrive om tragedier, mens søsteren har mistet jobbet og flykter fra virkeligheten. På en gård mister flere innleide arbeidere livet av et gassutslipp mens de sover, og i en bolig i nærheten blir en gammel dame funnet drept. Noen har forsøkt å få det til å se ut som et ran. I denne romanen møter leserne en ny og annerledes etterforsker. Eddie Feber en livsglad mann med åtte barn, litt rotete, men med en egen evne til å finne sannheten. Omtalen er utarbeidet av BS.
=536  \\$aKulturfond
=650  27$aFeber, Eddie (fiktiv person)$0(NO-OsBA)1204891$2bibbi$9nno
=650  27$aFeber, Eddie (fiktiv person)$0(NO-OsBA)1204891$2bibbi$9nob
=650  27$aSøsken$0(NO-OsBA)1119023$2bibbi$9nno
=650  27$aSøsken$0(NO-OsBA)1119023$2bibbi$9nob
=653  \0$anorsk litteratur
=655  \7$aKrim$0(uri)https://id.nb.no/vocabulary/ntsf/159$2ntsf
=655  \7$aRomaner$0(uri)https://id.nb.no/vocabulary/ntsf/258$2ntsf
=700  1\$aFossum, Karin$d1954-$tDrepende drage, angrende hund$lNorsk$0(NO-TrBIB)90608300
=767  0\$tPaha äiti$w999921900236902201$z978-951-0-48403-6
=800  \0$aFossum, Karin$d1954-$tEn Feber-krim$lNorsk$v1$0(NO-TrBIB)90608300
=852  8\$b0030100$cg00005$hNA/A 2021:5836
=852  8\$b0183334$cg00001$x1 eks fra Bestselgerklubben levert til NBO. Gitt til Depot. meje 20.12.21
=856  \\$aaja.bs.no$nBiblioteksentralen, Oslo$qimage/jpeg$uhttps://media.aja.bs.no/1d951f5f-b6e8-4d74-a372-d1c43ffc310f/cover/original.jpg$3Omslagsbilde
=856  \\$aaja.bs.no$nBiblioteksentralen, Oslo$qimage/jpeg$uhttps://media.aja.bs.no/1d951f5f-b6e8-4d74-a372-d1c43ffc310f/cover/thumbnail.jpg$3Miniatyrbilde
=856  40$3$yNB Digital plikt$uhttp://urn.nb.no/URN:NBN:no-nb_pliktmonografi_000000626$zPliktavlevert
=856  41$3Fulltekst$uhttps://www.nb.no/search?q=oaiid:"oai:nb.bibsys.no:999920149477702202"&mediatype=bøker$yNettbiblioteket$zSøke-URL
=856  42$3Forlagets beskrivelse (lang)$uhttps://contents.bibs.aws.unit.no/content/?isbn=9788202724405
=856  42$3Miniatyrbilde$uhttps://contents.bibs.aws.unit.no/files/images/small/5/0/9788202724405.jpg$qimage/jpeg
=856  42$3Omslagsbilde$uhttps://contents.bibs.aws.unit.no/files/images/large/5/0/9788202724405.jpg$qimage/jpeg
=856  42$3Originalt bilde$uhttps://contents.bibs.aws.unit.no/files/images/original/5/0/9788202724405.jpg$qimage/jpeg
=913  \\$aKulturfond$bNB
=913  \\$aNorbok$bNB
=913  \\$aNORLA$bNB

