=LDR  01394nam a2200337 c 4500
=001  999920159503902202
=005  20230601153922.0
=007  ta
=008  210902s2020\\\\dk\\\\\e\|||||00||f\dan|\
=020  \\$a978-87-02-30880-8$qinnbundet
=035  \\$a(EXLNZ-47BIBSYS_NETWORK)999921542505602201
=040  \\$aNO-OsNB$bnob$erda
=041  1\$adan$hnob
=082  04$a839.82374$223/nor$qNO-OsNB
=100  1\$aFossum, Karin$d1954-$0(NO-TrBIB)90608300$4aut
=240  10$aBakom synger døden$lDansk
=245  10$aBag dem synger døden$cKaren Fossum ; på dansk ved Ida Jessen
=264  \1$a[København]$bGyldendal$c[2020]
=300  \\$a380 sider$c22 cm
=336  \\$atekst$0http://rdaregistry.info/termList/RDAContentType/1020$2rdaco
=337  \\$auformidlet$0http://rdaregistry.info/termList/RDAMediaType/1007$2rdamt
=338  \\$abind$0http://rdaregistry.info/termList/RDACarrierType/1049$2rdact
=655  \7$aRomaner$0(uri)https://id.nb.no/vocabulary/ntsf/258$2ntsf
=700  1\$aFossum, Karin$d1954-$tBakom synger døden$lDansk$0(NO-TrBIB)90608300
=700  1\$aJessen, Ida$d1964-$0(NO-TrBIB)90791641$4trl
=700  1\$iOversettelse av:$aFossum, Karin$d1954-$tBakom synger døden$lNorsk$0(NO-TrBIB)90608300
=765  0\$tBakom synger døden$w999921117890302201$z9788202670511
=852  8\$b0030100$cg00005$hNA/A 2021:6522
=913  \\$aNorbok$bNB
=913  \\$aNORLA$bNB
=960  \\$an$9local

