=LDR  02094nam a2200457 c 4500
=001  999920194281402202
=005  20240511153905.0
=007  ta
=008  220301s2022\\\\ua\a\\\e\|||||00||1\ara|\
=020  \\$a9789773197377$qheftet
=035  \\$a(EXLNZ-47BIBSYS_NETWORK)999921667269002201
=040  \\$aNO-OsNB$bnob$erda
=041  1\$aara$keng$hnob
=082  04$a839.82374$qNO-OsNB$223/nor/20230731
=100  1\$aFossum, Karin$d1954-$0(NO-TrBIB)90608300$4aut
=240  10$aEvas øye$lArabisk
=245  10$6880-01$aJarimah fi al-zalam :$briwayah min Narway$cKarin Fosum
=880  10$6245-01/(3/r$aجريمة في الظلام :$bرواية من النرويج$cكارين فوسم
=246  3\$iOversatt etter:$aIn the darkness
=264  \1$aal-Qāhira$bal-'Arabi lil-nashr wa-al-tawzi'$c2022
=300  \\$a320 sider$billustrasjoner
=336  \\$atekst$0http://rdaregistry.info/termList/RDAContentType/1020$2rdaco
=337  \\$auformidlet$0http://rdaregistry.info/termList/RDAMediaType/1007$2rdamt
=338  \\$abind$0http://rdaregistry.info/termList/RDACarrierType/1049$2rdact
=490  1\$6880-02$aSasah al-muhaqqaq Kunrad Siir$v1
=490  1\$6880-03$aRiwayah mutarjama
=880  1\$6490-02/(3/r$aكونراد سيير ساساه المحقق$v1
=880  1\$6490-03/(3/r$aروايات مترجمة
=536  \\$aNORLA
=655  \7$aKrim$0(uri)https://id.nb.no/vocabulary/ntsf/159$2ntsf
=655  \7$aRomaner$0(uri)https://id.nb.no/vocabulary/ntsf/258$2ntsf
=700  1\$a'Adil, Hind$0(NO-TrBIB)1689826982571$4trl
=700  1\$aFossum, Karin$d1954-$tEvas øye$lArabisk$0(NO-TrBIB)90608300
=700  1\$iOversettelse av:$aFossum, Karin$d1954-$tEvas øye$lNorsk$0(NO-TrBIB)90608300
=765  0\$tEvas øye$w999523438194702201$z82-02-15853-2
=800  1\$aFossum, Karin$d1954-$tEn Konrad Sejer-krim$lArabisk$v1$0(NO-TrBIB)90608300
=830  \0$aRiwayah mutarjama
=852  8\$b0030100$cg00005$hNA/A 2023:4901
=856  42$3Omslagsbilde$uhttps://contents.bibs.aws.unit.no/files/images/large/7/7/9789773197377.jpg$qimage/jpeg
=913  \\$aNorbok$bNB
=913  \\$aNORLA$bNB

