=LDR  01720nam a2200433 c 4500
=001  999920205103002202
=005  20230602055328.0
=007  ta
=008  220405s2022\\\\sp\\\\\e\|||||||||0\spa|\
=020  \\$a978-84-9908-350-6$qheftet
=035  \\$a(EXLNZ-47BIBSYS_NETWORK)999921679651702201
=040  \\$aNO-OsNB$bnob$erda
=041  1\$aspa$hnob
=082  04$a839.82374$223/nor$qNO-OsNB
=100  1\$aFossum, Karin$d1954-$0(NO-TrBIB)90608300$4aut
=240  10$aEvas øye$lSpansk
=245  13$aEl ojo de Eva$cKarin Fossum
=250  \\$aSéptima reimpresión
=264  \1$aBarcelona$bDebolsillo$cmarzo de 2022
=300  \\$a247 sider
=336  \\$atekst$0http://rdaregistry.info/termList/RDAContentType/1020$2rdaco
=337  \\$auformidlet$0http://rdaregistry.info/termList/RDAMediaType/1007$2rdamt
=338  \\$abind$0http://rdaregistry.info/termList/RDACarrierType/1049$2rdact
=490  1\$aBestseller
=490  1\$aBiblioteca Karin Fossum
=490  1\$aInspector Sejer$v1
=655  \7$aRomaner$0(uri)https://id.nb.no/vocabulary/ntsf/258$2ntsf
=700  1\$aBaggethun, Kirsti$d1944-$0(NO-TrBIB)90584630$4trl
=700  1\$aFossum, Karin$d1954-$tEvas øye$lSpansk$0(NO-TrBIB)90608300
=700  1\$aLorenzo, Asunción$0(NO-TrBIB)6021783$4trl
=700  1\$iOversettelse av:$aFossum, Karin$d1954-$tEvas øye$lNorsk$0(NO-TrBIB)90608300
=765  0\$tEvas øye$w999523438194702201$z82-02-15853-2
=800  1\$aFossum, Karin$d1954-$tBiblioteca Karin Fossum$0(NO-TrBIB)90608300
=800  1\$aFossum, Karin$d1954-$tEn Konrad Sejer-krim$lSpansk$v1$0(NO-TrBIB)90608300
=830  \0$aBestseller
=852  8\$b0030100$cg00005$hNA/A 2022:3349
=913  \\$aNorbok$bNB
=913  \\$aNORLA$bNB
=960  \\$an$9local

