=LDR  01698nam a2200421 c 4500
=001  999920238784802202
=005  20230603130412.0
=007  ta
=008  220530s2022\\\\sp\\\\\e\|||||||||1|spa|\
=020  \\$a978-84-663-4965-9$qheftet
=035  \\$a(EXLNZ-47BIBSYS_NETWORK)999921723066002201
=040  \\$aNO-OsNB$bnob$erda
=041  1\$aspa$hnob
=082  04$a839.8238$223/nor$qNO-OsNB
=100  1\$aFossum, Karin$d1954-$0(NO-TrBIB)90608300$4aut
=240  14$aDen onde viljen$lSpansk
=245  10$aMalas intenciones$cKarin Fossum
=250  \\$aPrimera edición
=264  \1$aBarcelona$bDebolsillo$cmarzo de 2022
=300  \\$a184 sider
=336  \\$atekst$0http://rdaregistry.info/termList/RDAContentType/1020$2rdaco
=337  \\$auformidlet$0http://rdaregistry.info/termList/RDAMediaType/1007$2rdamt
=338  \\$abind$0http://rdaregistry.info/termList/RDACarrierType/1049$2rdact
=490  1\$aBiblioteca Karin Fossum
=490  1\$aInédito bestseller
=490  1\$aInspector Sejer$v9
=655  \7$aRomaner$0(uri)https://id.nb.no/vocabulary/ntsf/258$2ntsf
=700  1\$aFossum, Karin$d1954-$tDen onde viljen$lSpansk$0(NO-TrBIB)90608300
=700  1\$aTollefsen, Lotte K.$d1964-$0(NO-TrBIB)12003278$4trl
=700  1\$iOversettelse av:$aFossum, Karin$d1954-$tDen onde viljen$lNorsk$0(NO-TrBIB)90608300
=765  0\$tDen onde viljen$w990824130454702201$z978-82-02-28854-9
=800  1\$aFossum, Karin$d1954-$tBiblioteca Karin Fossum$0(NO-TrBIB)90608300
=800  1\$aFossum, Karin$d1954-$tEn Konrad Sejer-krim$lSpansk$v9$0(NO-TrBIB)90608300
=830  \0$aBestseller
=852  8\$b0030100$cg00005$hNA/A 2022:4789
=913  \\$aNorbok$bNB
=913  \\$aNORLA$bNB
=960  \\$an$9local

