=LDR  00836caa a2200241#c 4500
=001  999920249067702202
=005  20230604133055.0
=007  ta
=008  930119s1992\\\\no\||||e|o\\\|000|0|nob|#
=035  \\$a(EXLNZ-47BIBSYS_NETWORK)999921737082402201
=035  \\$a(NORART)9300149791
=040  \\$aNO-OsNB$bnob$ekatreg
=082  74$a839.823$24/nor$qNO-OsNB
=100  1\$aBergsvendsen, Rune
=245  10$aKarin Fossum : $b"I et annet lys"
=300  \\$aS. 25
=500  \\$aAnmeldelse av: I et annet lys / Karin Fossum
=600  14$aFossum, Karin
=655  \7$aAnmeldelser$0(uri)https://id.nb.no/vocabulary/ntsf/14$2ntsf
=655  \7$aTidsskriftartikler$0(uri)https://id.nb.no/vocabulary/ntsf/308$2ntsf
=773  0\$tKritikkjournalen (Oslo : 1983-1992)$gÅrg. 10 (1992)$x0801-0471$w998441762144702201
=913  \\$aNorart$bNB
=999  \\$aCP$9local

