=LDR  00719caa a2200217#c 4500
=001  999920256286202202
=005  20230605064828.0
=007  ta
=008  980303s1997\\\\no\||||e|\\\\|000|0|nob|#
=035  \\$a(EXLNZ-47BIBSYS_NETWORK)999921743228502201
=035  \\$a(NORART)9800232212
=040  \\$aNO-OsNB$bnob$ekatreg
=082  74$a610.73069$24/nor$qNO-OsNB
=100  1\$aFossum, Karin
=245  10$aJeg hadde uniform, og navneskilt
=300  \\$aS. 19
=500  \\$aOm å være sykepleier
=655  \7$aTidsskriftartikler$0(uri)https://id.nb.no/vocabulary/ntsf/308$2ntsf
=773  0\$tTidsskriftet sykepleien (1995 : trykt utg.)$gÅrg. 85, nr 18 (1997)$x0806-7511$w999523551084702201
=913  \\$aNorart$bNB
=999  \\$aCP$9local

