=LDR  00839caa a2200241#c 4500
=001  999920257638702202
=005  20230605083515.0
=007  ta
=008  990216s1997\\\\no\||||e|o\\\|000|0|nob|#
=035  \\$a(EXLNZ-47BIBSYS_NETWORK)999921744585602201
=035  \\$a(NORART)9900246738
=040  \\$aNO-OsNB$bnob$ekatreg
=082  74$a839.823$24/nor$qNO-OsNB
=100  1\$aMichelet, Tanja
=245  10$aKarin Fossum : $bDen som frykter ulven
=300  \\$aS. 25-26
=500  \\$aAnmeldelse av: Den som frykter ulven / Karin Fossum
=600  14$aFossum, Karin
=655  \7$aAnmeldelser$0(uri)https://id.nb.no/vocabulary/ntsf/14$2ntsf
=655  \7$aTidsskriftartikler$0(uri)https://id.nb.no/vocabulary/ntsf/308$2ntsf
=773  0\$tKritikkjournalen (Oslo : 1983-1992)$g(1997)$x0801-0471$w998441762144702201
=913  \\$aNorart$bNB
=999  \\$aCP$9local

