=LDR  00981caa a2200265#c 4500
=001  999920260826002202
=005  20230605124242.0
=007  ta
=008  001215s2000\\\\no\c|||e|\\\\|000|0|nob|#
=035  \\$a(EXLNZ-47BIBSYS_NETWORK)999921747532802201
=035  \\$a(NORART)0000285089
=040  \\$aNO-OsNB$bnob$ekatreg
=082  74$a839.823$24/nor$qNO-OsNB
=100  1\$aFonn, Marit$d1958-$4ivr$0(NO-TrBIB)90091478
=245  10$aLeke med tanker : $btett på: Karin Fossum, forfatter
=300  \\$aS. 20-22$bport.
=500  \\$aIntervju med Karin Fossum
=600  14$aFossum, Karin
=650  \7$aforfattere$2norart$0(NO-TrBIB)NORART1007955
=655  \7$aIntervjuer$0(uri)https://id.nb.no/vocabulary/ntsf/135$2ntsf
=655  \7$aTidsskriftartikler$0(uri)https://id.nb.no/vocabulary/ntsf/308$2ntsf
=700  1\$aFossum, Karin$4ive
=773  0\$tTidsskriftet sykepleien (1995 : trykt utg.)$gÅrg. 88, nr 5 (2000)$x0806-7511$w999523551084702201
=913  \\$aNorart$bNB
=999  \\$aCP$9local

