=LDR  00956caa a2200265#c 4500
=001  999920261483802202
=005  20230605135143.0
=007  ta
=008  010727s2001\\\\no\c|||e|\\\\|000|0|nob|#
=035  \\$a(EXLNZ-47BIBSYS_NETWORK)999921748348202201
=035  \\$a(NORART)0100294736
=040  \\$aNO-OsNB$bnob$ekatreg
=082  74$a613$24/nor$qNO-OsNB
=100  1\$aIngeberg, Anne$4ivr$0(NO-TrBIB)1642068408090
=245  10$aTror på trim og lidenskap : $bdu må gløde for noe! : mitt beste helsetips
=300  \\$aS. [52]-53$bport.
=500  \\$aIntervju med Karin Fossum
=600  14$aFossum, Karin
=650  \7$ahelse$2norart$0(NO-TrBIB)NORART1010501
=655  \7$aIntervjuer$0(uri)https://id.nb.no/vocabulary/ntsf/135$2ntsf
=655  \7$aTidsskriftartikler$0(uri)https://id.nb.no/vocabulary/ntsf/308$2ntsf
=700  1\$aFossum, Karin$4ive
=773  0\$tBedre helse$gnr 4 (2001)$x0802-6149$w998901831984702201
=913  \\$aNorart$bNB
=999  \\$aCP$9local

