=LDR  00897caa a2200253#c 4500
=001  999920266745902202
=005  20230606065811.0
=007  ta
=008  050117s2004\\\\no\c|||e|\\\\|000|0|nob|#
=035  \\$a(EXLNZ-47BIBSYS_NETWORK)999921753661402201
=035  \\$a(NORART)0500357635
=040  \\$aNO-OsNB$bnob$ekatreg
=082  74$a839.823$25/nor$qNO-OsNB
=100  1\$aGeelmuyden, Niels Chr.$d1960-$4ivr$0(NO-TrBIB)90358013
=245  10$aSyllingvinger : $bKarin Fossum intervjuet
=300  \\$aS. 114-119$bport.
=600  14$aFossum, Karin
=650  \7$aforfattere$2norart$0(NO-TrBIB)NORART1007955
=650  \7$akriminallitteratur$2norart$0(NO-TrBIB)NORART1015266
=655  \7$aTidsskriftartikler$0(uri)https://id.nb.no/vocabulary/ntsf/308$2ntsf
=700  1\$aFossum, Karin$4ive
=773  0\$tKapital$gÅrg. 34, nr 16 (2004)$x0332-5423$w999011036914702201
=913  \\$aNorart$bNB
=999  \\$aCP$9local

