=LDR  01014caa a2200277#c 4500
=001  999920283898902202
=005  20230607140231.0
=007  ta
=008  150127s1998\\\\no\c|||e|\\\\|000|0|nob|#
=035  \\$a(EXLNZ-47BIBSYS_NETWORK)999921770075902201
=035  \\$a(NORART)1500572756
=040  \\$aNO-OsNB$bnob$ekatreg
=082  74$a839.823$25/nor$qNO-OsNB
=100  1\$aChristensen, Stig H.$d1949-$4ivr$0(NO-TrBIB)90258716
=245  10$aKarin Fossum - med vilje til å reise seg
=300  \\$aS. 22-25$bport.
=500  \\$aIntervju med Karin Fossum
=600  14$aFossum, Karin
=650  \7$aforfattere$2norart$0(NO-TrBIB)NORART1007955
=650  \7$akriminallitteratur$2norart$0(NO-TrBIB)NORART1015266
=655  \7$aIntervjuer$0(uri)https://id.nb.no/vocabulary/ntsf/135$2ntsf
=655  \7$aTidsskriftartikler$0(uri)https://id.nb.no/vocabulary/ntsf/308$2ntsf
=700  1\$aFossum, Karin$4ive
=773  0\$tFontene (trykt utg.)$gNr. 8 (1998)$x0805-5432$w999403375684702201
=913  \\$aNorart$bNB
=999  \\$aCP$9local

