=LDR  01602caa a2200421#c 4500
=001  999920284796802202
=005  20230607145136.0
=007  ta
=008  150427s2015\\\\no\c|||e|\\\\|000|0|nob|#
=035  \\$a(EXLNZ-47BIBSYS_NETWORK)999921772456002201
=035  \\$a(NORART)1500578527
=040  \\$aNO-OsNB$bnob$ekatreg
=082  74$a839.73$25/nor$qNO-OsNB
=083  7\$a839.823$25/nor$qNO-OsNB
=100  1\$aDolva, Thea Marie$4ivr
=245  10$aSpennende utvikling
=300  \\$aS. 21-27$bport.
=500  \\$aIntervju med Knut Faldbakken, Daniel Sjölin, Jerker Virdborg, Frode Sander Øien, Karin Fossum, Carl Johan Vallgren
=600  14$aFossum, Karin
=600  14$aØien, Frode Sander
=600  14$aSjölin, Daniel
=600  14$aVallgren, Carl Johan
=600  14$aVirdborg, Jerker
=600  17$aFaldbakken, Knut$d1941-$0(NO-TrBIB)90068361$2bare
=650  \7$akriminallitteratur$2norart$0(NO-TrBIB)NORART1015266
=650  \7$anorsk prosa$2norart$0(NO-TrBIB)NORART1020364
=650  \7$asvensk prosa$2norart$0(NO-TrBIB)NORART1028672
=655  \7$aIntervjuer$0(uri)https://id.nb.no/vocabulary/ntsf/135$2ntsf
=655  \7$aTidsskriftartikler$0(uri)https://id.nb.no/vocabulary/ntsf/308$2ntsf
=700  1\$aFaldbakken, Knut$d1941-$4ive$0(NO-TrBIB)90068361
=700  1\$aFossum, Karin$4ive
=700  1\$aØien, Frode Sander$4ive
=700  1\$aSjölin, Daniel$4ive
=700  1\$aVallgren, Carl Johan$4ive
=700  1\$aVirdborg, Jerker$4ive
=773  0\$tBokvennen (Bokvennen forlag)$g[Årg. 27], nr. 1 (2015)$x0802-1953$w998920010624702201
=913  \\$aNorart$bNB
=999  \\$aCP$9local

