=LDR  00745caa a2200217#c 4500
=001  999920286274702202
=005  20230607161516.0
=007  ta
=008  160322s2015\\\\no\a|||e|\\\\|000|1|nob|#
=035  \\$a(EXLNZ-47BIBSYS_NETWORK)999921774564102201
=035  \\$a(NORART)1600593435
=040  \\$aNO-OsNB$bnob$ekatreg
=082  04$a839.821$223/nor$qNO-OsNB
=100  1\$aFossum, Karin$4aut
=245  10$aLjåen er skarp
=300  \\$aS. 78$bill.
=500  \\$aDiktet er hentet fra boka: Vi som er døde : dikt / Karin Fossum
=655  \7$aTidsskriftartikler$0(uri)https://id.nb.no/vocabulary/ntsf/308$2ntsf
=773  0\$tTidsskriftet sykepleien (1995 : trykt utg.)$gNr. 12 (2015)$x0806-7511$w999523551084702201
=913  \\$aNorart$bNB
=999  \\$aCP$9local

