=LDR  01041caa a2200277#c 4500
=001  999920288199502202
=005  20230608074809.0
=007  ta
=008  170907s2015\\\\no\c|||e|\\\\|000|0|nob|#
=035  \\$a(EXLNZ-47BIBSYS_NETWORK)999921776728702201
=035  \\$a(NORART)1700616936
=040  \\$aNO-OsNB$bnob$ekatreg
=082  04$a839.82374$223/nor$qNO-OsNB
=100  1\$aLarsen, Marit Hannaas$4ivr
=245  10$aLiker Amalies fandenivoldskhet!
=300  \\$aS. 11-16$bport.
=500  \\$aIntervju med vinner av Amalie Skram-prisen 2013, Karin Fossum
=600  14$aFossum, Karin
=650  \7$aforfattere$2norart$0(NO-TrBIB)NORART1007955
=650  \7$anorsk litteratur$2norart$0(NO-TrBIB)NORART1020362
=655  \7$aIntervjuer$0(uri)https://id.nb.no/vocabulary/ntsf/135$2ntsf
=655  \7$aTidsskriftartikler$0(uri)https://id.nb.no/vocabulary/ntsf/308$2ntsf
=700  1\$aFossum, Karin$4ive
=773  0\$tÅrbok (Amalie Skram-selskapet)$gÅrg. 17 (2014/2015) (2015)$x0804-9920$w999424497114702201
=913  \\$aNorart$bNB
=999  \\$aCP$9local

