=LDR  03739cam a2200601 c 4500
=001  999920310601302202
=005  20240705101738.0
=007  ta
=008  220617s2022\\\\no\\\\\e\||||||0|\1\nob|\
=020  \\$a9788202769611$cNkr 439.00$qinnbundet
=035  \\$a(EXLNZ-47BIBSYS_NETWORK)999921796236102201
=035  \\$a(NO-DIMO)35bb315b-df8b-4a8d-b2c2-f72937deabb2
=035  \\$a(NO-OsBA)0659255
=035  \\$a(NO-OsBAS)150441759
=035  \\$aoai:bibbi.bs.no:0659255
=035  \\$aoai:nb.no:pliktmonografi_000010606
=040  \\$aNO-OsBA$bnob$erda$dNO-OsNB
=080  \\$a839.6
=082  04$a839.82374$qNO-OsBA$223/nor
=100  1\$aFossum, Karin$d1954-$0(NO-TrBIB)90608300$4aut
=240  10$aNatteløperen$lNorsk
=245  10$aNatteløperen :$broman$cKarin Fossum
=250  \\$a1. utgave
=264  \1$aOslo$bCappelen Damm$c2022
=300  \\$a186 sider
=336  \\$atekst$0http://rdaregistry.info/termList/RDAContentType/1020$2rdaco
=337  \\$auformidlet$0http://rdaregistry.info/termList/RDAMediaType/1007$2rdamt
=338  \\$abind$0http://rdaregistry.info/termList/RDACarrierType/1049$2rdact
=490  1\$aEn Feber-krim$v[2]
=520  \\$aMeidel André Jonsson har en far i fengsel og en mor på psykiatrisk, og da bestefaren dør blir han alene i huset og i livet. I hodet sitt har han mange kamre: et for lek, et for gode ideer, et for faenskap. Og et kammer for smerte og erkjennelse, som han vil lukke for alltid. Nå har Meidel ingenting igjen å tape. Men når han handler på Kiwi, kommer han i snakk med den unge jenta i kassen, og han aner en mulighet. Etterforsker Eddie Feber er et kraftfelt på jobb, og hjemme har han et hus fullt av unger og kona Karmen som skriver krimromaner. Flere mennesker i byen får besøk om natten av en lysende skikkelse med et våpen i hendene. Feber har ikke mye å gå etter, annet enn en lapp der det står 833. Feber har sine helt egne metoder, noen vil si han går over grensen.
=536  \\$aKulturfond
=650  27$aFeber, Eddie (fiktiv person)$0(NO-OsBA)1204891$2bibbi$9nno
=650  27$aFeber, Eddie (fiktiv person)$0(NO-OsBA)1204891$2bibbi$9nob
=655  \7$aKrim$0(uri)https://id.nb.no/vocabulary/ntsf/159$2ntsf
=655  \7$aRomaner$0(uri)https://id.nb.no/vocabulary/ntsf/258$2ntsf
=700  1\$aFossum, Karin$d1954-$tNatteløperen$lNorsk$0(NO-TrBIB)90608300
=767  0\$tDer Nachtläufer$w999922481365902201$z978-3-98750-047-3
=767  0\$tNachtloper$w999922411175502201$z978-90-225-9846-7
=767  0\$tNatteløberen$w999922481367902201$z9788727147710
=800  1\$aFossum, Karin$d1954-$tEn Feber-krim$v2$0(NO-TrBIB)90608300
=852  8\$b0030100$cg00005$hNA/A 2022:6487
=852  8\$b0183334$cg00005
=856  \\$aaja.bs.no$qimage/jpeg$uhttps://media.aja.bs.no/4e8716bc-115e-440c-a26a-4c3f7ce42812/cover/original.jpg$3Omslagsbilde
=856  \\$aaja.bs.no$qimage/jpeg$uhttps://media.aja.bs.no/4e8716bc-115e-440c-a26a-4c3f7ce42812/cover/thumbnail.jpg$3Miniatyrbilde
=856  40$3$yNB Digital plikt$uhttp://urn.nb.no/URN:NBN:no-nb_pliktmonografi_000010606$zPliktavlevert
=856  41$3Fulltekst$uhttps://www.nb.no/search?q=oaiid:"oai:nb.bibsys.no:999920310601302202"$yNettbiblioteket$zSøke-URL
=856  42$3Forlagets beskrivelse (lang)$uhttps://contents.bibs.aws.unit.no/content/?isbn=9788202769611
=856  42$3Miniatyrbilde$uhttps://contents.bibs.aws.unit.no/files/images/small/1/1/9788202769611.jpg$qimage/jpeg
=856  42$3Omslagsbilde$uhttps://contents.bibs.aws.unit.no/files/images/large/1/1/9788202769611.jpg$qimage/jpeg
=856  42$3Originalt bilde$uhttps://contents.bibs.aws.unit.no/files/images/original/1/1/9788202769611.jpg$qimage/jpeg
=913  \\$aKulturfond$bNB
=913  \\$aNorbok$bNB
=913  \\$aNORLA$bNB

