=LDR  01533nam a2200385 c 4500
=001  999920317201802202
=005  20230608115559.0
=007  ta
=008  220823s2022\\\\sp\\\\\e\|||||||||1|spa|\
=020  \\$a978-84-663-8478-0$qheftet
=035  \\$a(EXLNZ-47BIBSYS_NETWORK)999921849673902201
=040  \\$aNO-OsNB$bnob$erda
=041  1\$aspa$hnob
=082  04$a839.82374$223/nor$qNO-OsNB
=100  1\$aFossum, Karin$d1954-$0(NO-TrBIB)90608300$4aut
=240  10$aJeg kan se i mørket$lSpansk
=245  10$aYo veo en la oscuridad$cKarin Fossum
=264  \1$aBarcelona$bPenguin Random House Grupo Editorial$c[2022]
=300  \\$a210 sider
=336  \\$atekst$0http://rdaregistry.info/termList/RDAContentType/1020$2rdaco
=337  \\$auformidlet$0http://rdaregistry.info/termList/RDAMediaType/1007$2rdamt
=338  \\$abind$0http://rdaregistry.info/termList/RDACarrierType/1049$2rdact
=490  1\$aNovela negra
=536  \\$aNORLA
=655  \7$aRomaner$0(uri)https://id.nb.no/vocabulary/ntsf/258$2ntsf
=700  1\$aBaggethun, Kirsti$d1944-$0(NO-TrBIB)90584630$4trl
=700  1\$aFossum, Karin$d1954-$tJeg kan se i mørket$lSpansk$0(NO-TrBIB)90608300
=700  1\$aLorenzo, Asunción$0(NO-TrBIB)6021783$4trl
=700  1\$iOversettelse av:$aFossum, Karin$d1954-$tJeg kan se i mørket$lNorsk$0(NO-TrBIB)90608300
=765  0\$aJeg kan se i mørket$w991127625904702201$z9788202349868
=830  \0$aNovela negra
=852  8\$b0030100$cg00005$hNA/A 2022:6851
=913  \\$aNorbok$bNB
=913  \\$aNORLA$bNB
=960  \\$an$9local

