=LDR  01572nam a2200373 c 4500
=001  999920330377302202
=005  20230608124706.0
=007  ta
=008  221101s2022\\\\fi\\\\\e\|||||||||1|fin|\
=020  \\$a978-951-0-48403-6$qinnbundet
=035  \\$a(EXLNZ-47BIBSYS_NETWORK)999921900236902201
=040  \\$aNO-OsNB$bnob$erda
=041  1\$afin$hnob
=082  04$a839.82374$223/nor$qNO-OsNB
=100  1\$aFossum, Karin$d1954-$0(NO-TrBIB)90608300$4aut
=240  10$aDrepende drage, angrende hund$lFinsk
=245  10$aPaha äiti$cKarin Fossum
=264  \1$aHelsinki$bJohnny Kniga$c[2022]
=300  \\$a230 sider
=336  \\$atekst$0http://rdaregistry.info/termList/RDAContentType/1020$2rdaco
=337  \\$auformidlet$0http://rdaregistry.info/termList/RDAMediaType/1007$2rdamt
=338  \\$abind$0http://rdaregistry.info/termList/RDACarrierType/1049$2rdact
=490  1\$aEddi Feber$v[1]
=655  \7$aKrim$0(uri)https://id.nb.no/vocabulary/ntsf/159$2ntsf
=655  \7$aRomaner$0(uri)https://id.nb.no/vocabulary/ntsf/258$2ntsf
=700  1\$aFossum, Karin$d1954-$tDrepende drage, angrende hund$lFinsk$0(NO-TrBIB)90608300
=700  1\$aTeva, Tarja$d1967-$0(NO-TrBIB)11073043$4trl
=700  1\$iOversettelse av:$aFossum, Karin$d1954-$tDrepende drage, angrende hund$lNorsk$0(NO-TrBIB)90608300
=765  0\$tDrepende drage, angrende hund$w999921368383102201$z9788202724405
=800  1\$aFossum, Karin$d1954-$tEn Feber-krim$lFinsk$v1$0(NO-TrBIB)90608300
=852  8\$b0030100$cg00005$hNA/A 2022:9633
=913  \\$aNorbok$bNB
=913  \\$aNORLA$bNB
=960  \\$an$9local

