=LDR  02176nam a2200469 c 4500
=001  999920336099402202
=005  20240512112443.0
=007  ta
=008  221115s2023\\\\ua\a\\\e\|||||00||1\ara|\
=020  \\$a9789773197681$qheftet
=035  \\$a(EXLNZ-47BIBSYS_NETWORK)999921910868502201
=040  \\$aNO-OsNB$bnob$erda
=041  1\$aara$hnob$keng
=082  04$a839.82374$qNO-OsNB$223/nor/20230801
=100  1\$aFossum, Karin$d1954-$0(NO-TrBIB)90608300$4aut
=240  10$aSe deg ikke tilbake$lArabisk
=245  10$6880-02$aJarimah jalissah al-'atfal :$briwyah min al-Narwa$cKarin Fosum
=880  10$6245-02/(3/r$a‏جريمة جليسة الأطفال :$bرواية من النرويج$cكارين فوسم
=246  3\$iOversatt etter:$aDon't look back
=264  \1$aal-Qāhira$bal-'Arabi lil-nashr wa al-tawzi'$c2023
=300  \\$a344 sider$billustrasjoner
=336  \\$atekst$0http://rdaregistry.info/termList/RDAContentType/1020$2rdaco
=337  \\$auformidlet$0http://rdaregistry.info/termList/RDAMediaType/1007$2rdamt
=338  \\$abind$0http://rdaregistry.info/termList/RDACarrierType/1049$2rdact
=490  1\$6880-01$aSasah al-muhaqqaq Kunrad Siir$v2
=490  1\$6880-03$aRiwayah mutarjama
=880  1\$6490-01/(3/r$aساساه المحقق  كونراد سيير$v2
=880  1\$6490-03/(3/r$aروايات مترجمة
=536  \\$aNORLA
=655  \7$aKrim$0(uri)https://id.nb.no/vocabulary/ntsf/159$2ntsf
=655  \7$aRomaner$0(uri)https://id.nb.no/vocabulary/ntsf/258$2ntsf
=700  1\$a'Adil, Hind$0(NO-TrBIB)1689826982571$4trl
=700  1\$aFossum, Karin$d1954-$tSe deg ikke tilbake$lArabisk$0(NO-TrBIB)90608300
=700  1\$iOversettelse av:$aFossum, Karin$d1954-$tSe deg ikke tilbake$lNorsk$0(NO-TrBIB)90608300
=765  0\$tSe deg ikke tilbake$w999609024224702201$z8202158885
=800  1\$aFossum, Karin$d1954-$tEn Konrad Sejer-krim$lArabisk$v2$0(NO-TrBIB)90608300
=830  \0$aRiwayah mutarjama
=852  8\$b0030100$cg00005$hNA/A 2023:4903
=856  42$3Omslagsbilde$uhttps://contents.bibs.aws.unit.no/files/images/large/1/8/9789773197681.jpg$qimage/jpeg
=913  \\$aNorbok$bNB
=913  \\$aNORLA$bNB
=960  \\$an$9local

