=LDR  02231nja a22004937c 4500
=001  999920350525602202
=005  20240412093246.0
=007  cr||||||||||||
=007  sr||||||||||||
=008  221215t20122012no\|||||o########|#|und|#
=024  0\$aNOFGG1294090
=035  \\$a(EXLNZ-47BIBSYS_NETWORK)999921955103502201
=035  \\$a(NO-OsNB)EAN_7033662043941_01_0009
=035  \\$aoai:nb.no:pliktmusikk_EAN_7033662043941_01_0009
=040  \\$bnob$dNO-OsNB$erda
=100  1\$aAsbjørnsen, Hilde Louise$4https://id.nb.no/vocabulary/perfrel/1$4lyr$4cmp
=245  10$aAlaska$cHilde Louise Asbjørnsen, composer, lyricist
=264  \1$a[Norge]$bGrappa - MO$c2012-10-19
=264  \4$c℗ 2012
=300  \\$a1 online (nettilkoblet) ressurs (1 lydfil)
=306  \\$a000341
=336  \\$aframført musikk$0http://rdaregistry.info/termList/RDAContentType/1011$2rdaco
=337  \\$adatamaskin$0http://rdaregistry.info/termList/RDAMediaType/1003$2rdamt
=338  \\$aonline (nettilkoblet) ressurs$0http://rdaregistry.info/termList/RDACarrierType/1018$2rdact
=344  \\$adigital$0http://rdaregistry.info/termList/typeRec/1002$2rdatr
=347  \\$alydfil$0http://rdaregistry.info/termList/fileType/1001$2rdaft
=347  \\$bFLAC
=508  \\$aProdusent, Anders Aarum
=511  0\$aHilde Louise Asbjørnsen, Anders Aarum, Hans Martin Austestad, Jens Fossum, Klaus Robert Blomvik, Svein Erik Martinsen Ånestad, Julie Dahle Aagård, Karin Okkenhaug Seim, Atle Nymo
=588  \\$aImportert fra Phonofile
=690  \\$aJazz$2phonofile$9local
=700  1\$aAagård, Julie Dahle$4mus
=700  1\$aAarum, Anders$4mus$4pro
=700  1\$aÅnestad, Svein Erik Martinsen$4mus
=700  1\$aAustestad, Hans Martin$4mus
=700  1\$aBlomvik, Klaus Robert$4mus
=700  1\$aFossum, Jens$4mus
=700  1\$aNymo, Atle$4mus
=700  1\$aSeim, Karin Okkenhaug$4mus
=773  0\$tMånesjuk$d[Norge] : Grappa - MO, 2012-10-19$g9$w(NO-OsNB)EAN_7033662043941
=856  40$3$yNB Digital plikt$uhttp://urn.nb.no/URN:NBN:no-nb_pliktmusikk_EAN_7033662043941_01_0009$z
=856  40$uhttps://urn.nb.no/URN:NBN:no-nb_pliktmusikk_EAN_7033662043941_01_0009$3Fulltekst$yNettbiblioteket$zSpor
=913  \\$aNordisko$bNB
=999  \\$aCP$9local

