=LDR  02185nja a22004817c 4500
=001  999920350675202202
=005  20240412093223.0
=007  cr||||||||||||
=007  sr||||||||||||
=008  221216t20142014no\|||||o########|#|und|#
=024  0\$aNOFGG1294061
=035  \\$a(EXLNZ-47BIBSYS_NETWORK)999921954677802201
=035  \\$a(NO-OsNB)EAN_7033662044689_01_0003
=035  \\$aoai:nb.no:pliktmusikk_EAN_7033662044689_01_0003
=040  \\$bnob$dNO-OsNB$erda
=100  1\$aAsbjørnsen, Hilde Louise$4https://id.nb.no/vocabulary/perfrel/1$4pro$4lyr$4cmp
=245  10$aGjer Det Igjen$cHilde Louise Asbjørnsen, composer, lyricist
=264  \1$a[Norge]$bGrappa$c2014-09-12
=264  \4$c℗ 2014
=300  \\$a1 online (nettilkoblet) ressurs (1 lydfil)
=306  \\$a000407
=336  \\$aframført musikk$0http://rdaregistry.info/termList/RDAContentType/1011$2rdaco
=337  \\$adatamaskin$0http://rdaregistry.info/termList/RDAMediaType/1003$2rdamt
=338  \\$aonline (nettilkoblet) ressurs$0http://rdaregistry.info/termList/RDACarrierType/1018$2rdact
=344  \\$adigital$0http://rdaregistry.info/termList/typeRec/1002$2rdatr
=347  \\$alydfil$0http://rdaregistry.info/termList/fileType/1001$2rdaft
=347  \\$bFLAC
=508  \\$aProdusent, Hilde Louise Asbjørnsen, Anders Aarum
=511  0\$aHilde Louise Asbjørnsen, Atle Nymo, Anders Aarum, Svein Erik Martinsen, Jens Fossum, Klaus Robert Blomvik, Julie Dahle Aagård, Karin Okkenhaug Seim
=588  \\$aImportert fra Phonofile
=690  \\$aJazz$2phonofile$9local
=700  1\$aAagård, Julie Dahle$4mus
=700  1\$aAarum, Anders$4mus$4pro
=700  1\$aBlomvik, Klaus Robert$4mus
=700  1\$aFossum, Jens$4mus
=700  1\$aMartinsen, Svein Erik$4mus
=700  1\$aNymo, Atle$4mus
=700  1\$aSeim, Karin Okkenhaug$4mus
=773  0\$tSweet Morning Music$d[Norge] : Grappa, 2014-09-12$g3$w(NO-OsNB)EAN_7033662044689
=856  40$3$yNB Digital plikt$uhttp://urn.nb.no/URN:NBN:no-nb_pliktmusikk_EAN_7033662044689_01_0003$z
=856  40$uhttps://urn.nb.no/URN:NBN:no-nb_pliktmusikk_EAN_7033662044689_01_0003$3Fulltekst$yNettbiblioteket$zSpor
=913  \\$aNordisko$bNB
=999  \\$aCP$9local

