=LDR  02119nja a22004817c 4500
=001  999920352355802202
=005  20240412082642.0
=007  cr||||||||||||
=007  sr||||||||||||
=008  221216t20152015no\|||||o########|#|und|#
=024  0\$aNO2NJ1544130
=035  \\$a(EXLNZ-47BIBSYS_NETWORK)999921960933102201
=035  \\$a(NO-OsNB)EAN_7090025831447_01_0013
=035  \\$aoai:nb.no:pliktmusikk_EAN_7090025831447_01_0013
=040  \\$bnob$dNO-OsNB$erda
=100  1\$aGrøttum, Kåre$4pro$4cmp
=245  10$aVeslefrikk$cKåre Grøttum, composer ; Andre Bjerke, lyricist
=264  \1$a[Norge]$bLosen Records$c2015-11-11
=264  \4$c℗ 2015
=300  \\$a1 online (nettilkoblet) ressurs (1 lydfil)
=306  \\$a000237
=336  \\$aframført musikk$0http://rdaregistry.info/termList/RDAContentType/1011$2rdaco
=337  \\$adatamaskin$0http://rdaregistry.info/termList/RDAMediaType/1003$2rdamt
=338  \\$aonline (nettilkoblet) ressurs$0http://rdaregistry.info/termList/RDACarrierType/1018$2rdact
=344  \\$adigital$0http://rdaregistry.info/termList/typeRec/1002$2rdatr
=347  \\$alydfil$0http://rdaregistry.info/termList/fileType/1001$2rdaft
=347  \\$bFLAC
=508  \\$aProdusent, Kåre Grøttum, Marius Stegegjerde-Kristiansen
=511  0\$aKåre Conradi, Åse Karin Hjelen, Sigmund Groven, Tom S. Lund, Jens Fossum
=588  \\$aImportert fra Phonofile
=690  \\$aAdult Contemporary$2phonofile$9local
=700  1\$aBjerke, Andre$4lyr
=700  1\$aConradi, Kåre$4https://id.nb.no/vocabulary/perfrel/1
=700  1\$aFossum, Jens$4mus
=700  1\$aGroven, Sigmund$4mus
=700  1\$aHjelen, Åse-Karin$4mus
=700  1\$aLund, Tom S.$4mus
=700  1\$aStegegjerde-Kristiansen, Marius$4pro
=773  0\$tPå jorden et sted$d[Norge] : Losen Records, 2015-11-11$g13$w(NO-OsNB)EAN_7090025831447
=856  40$3$yNB Digital plikt$uhttp://urn.nb.no/URN:NBN:no-nb_pliktmusikk_EAN_7090025831447_01_0013$z
=856  40$uhttps://urn.nb.no/URN:NBN:no-nb_pliktmusikk_EAN_7090025831447_01_0013$3Fulltekst$yNettbiblioteket$zSpor
=913  \\$aNordisko$bNB
=999  \\$aCP$9local

