=LDR  03469cam a2200541 c 4500
=001  999920377492402202
=005  20230601160737.0
=007  ta
=008  211123s2021\\\\no\\\\\e\||||||0|\1\nob|\
=020  \\$a9788202749095$cNkr 199.00$qheftet
=035  \\$a(EXLNZ-47BIBSYS_NETWORK)999921620206002201
=035  \\$a(NO-DIMO)14a9c9b1-08c1-405a-a5b4-c6988f4a1d64
=035  \\$a(NO-OsBA)0641548
=035  \\$a(NO-OsBAS)150406765
=035  \\$aoai:bibbi.bs.no:0641548
=035  \\$aoai:nb.no:pliktmonografi_000026321
=040  \\$aNO-OsBA$bnob$erda$dNO-OsNB
=082  04$a839.82374$qNO-OsBA$223/nor
=100  1\$aFossum, Karin$d1954-$0(NO-TrBIB)90608300$4aut
=240  10$aDrepende drage, angrende hund$lNorsk
=245  10$aDrepende drage, angrende hund :$broman$cKarin Fossum
=264  \1$aOslo$bCappelen Damm$c[2021]
=300  \\$a239 sider
=336  \\$atekst$0http://rdaregistry.info/termList/RDAContentType/1020$2rdaco
=337  \\$auformidlet$0http://rdaregistry.info/termList/RDAMediaType/1007$2rdamt
=338  \\$abind$0http://rdaregistry.info/termList/RDACarrierType/1049$2rdact
=490  1\$aEn Feber-krim$v[1]
=520  \\$aDe to søsknene Aksel og Ellinor har vært nært knyttet til hverandre hele livet. Nå er Aksel journalist i lokalavisen med et særlig talent for å skrive om tragedier, mens søsteren har mistet jobbet og flykter fra virkeligheten. På en gård mister flere innleide arbeidere livet av et gassutslipp mens de sover, og i en bolig i nærheten blir en gammel dame funnet drept. Noen har forsøkt å få det til å se ut som et ran. I denne romanen møter leserne en ny og annerledes etterforsker. Eddie Feber en livsglad mann med åtte barn, litt rotete, men med en egen evne til å finne sannheten. Omtalen er utarbeidet av BS.
=533  \\$aElektronisk reproduksjon$b[Norge]$cNasjonalbiblioteket Digital$d2023-03-13
=650  27$aFeber, Eddie (fiktiv person)$0(NO-OsBA)1204891$2bibbi$9nno
=650  27$aFeber, Eddie (fiktiv person)$0(NO-OsBA)1204891$2bibbi$9nob
=650  27$aSøsken$0(NO-OsBA)1119023$2bibbi$9nno
=650  27$aSøsken$0(NO-OsBA)1119023$2bibbi$9nob
=655  \7$aKrim$0(uri)https://id.nb.no/vocabulary/ntsf/159$2ntsf
=655  \7$aRomaner$0(uri)https://id.nb.no/vocabulary/ntsf/258$2ntsf
=700  1\$aFossum, Karin$d1954-$tDrepende drage, angrende hund$lNorsk$0(NO-TrBIB)90608300
=800  1\$aFossum, Karin$d1954-$tEn Feber-krim$v1$0(NO-TrBIB)90608300
=852  8\$b0030100$cg00005$hNA/A 2023:2463
=852  8\$b0183334$cg00005
=856  \\$aaja.bs.no$qimage/jpeg$uhttps://media.aja.bs.no/fe54c964-5143-4f98-af71-30e95cbc249e/cover/original.jpg$3Omslagsbilde
=856  \\$aaja.bs.no$qimage/jpeg$uhttps://media.aja.bs.no/fe54c964-5143-4f98-af71-30e95cbc249e/cover/thumbnail.jpg$3Miniatyrbilde
=856  40$3$yNB Digital$uhttp://urn.nb.no/URN:NBN:no-nb_digibok_2023030648019$z
=856  40$uhttps://urn.nb.no/URN:NBN:no-nb_pliktmonografi_000026321$3Fulltekst$yNettbiblioteket$zDigital representasjon
=856  42$3Forlagets beskrivelse (lang)$uhttps://contents.bibs.aws.unit.no/content/?isbn=9788202749095
=856  42$3Miniatyrbilde$uhttps://contents.bibs.aws.unit.no/files/images/small/5/9/9788202749095.jpg$qimage/jpeg
=856  42$3Omslagsbilde$uhttps://contents.bibs.aws.unit.no/files/images/large/5/9/9788202749095.jpg$qimage/jpeg
=856  42$3Originalt bilde$uhttps://contents.bibs.aws.unit.no/files/images/original/5/9/9788202749095.jpg$qimage/jpeg
=913  \\$aNorbok$bNB

