=LDR  03430cam a2200529 c 4500
=001  999920378749202202
=005  20230609171228.0
=007  ta
=008  221221s2023\\\\no\\\\\e\||||||||\1|nob|\
=020  \\$a9788202789862$cNkr 199.00$qheftet
=035  \\$a(EXLNZ-47BIBSYS_NETWORK)999922009873402201
=035  \\$a(NO-DIMO)c3cc0ee3-6b2e-4b95-aaa1-286f19bcdde1
=035  \\$a(NO-OsBA)0673291
=035  \\$a(NO-OsBAS)150456450
=035  \\$aoai:bibbi.bs.no:0673291
=035  \\$aoai:nb.no:pliktmonografi_000018658
=040  \\$aNO-OsBA$bnob$erda$dNO-OsNB
=082  04$a839.82374$qNO-OsBA$223/nor
=100  1\$aFossum, Karin$d1954-$0(NO-TrBIB)90608300$4aut
=240  00$aNatteløperen
=245  10$aNatteløperen :$broman$cKarin Fossum
=250  \\$a1. utgave
=264  \1$aOslo$bCappelen Damm$c2023
=300  \\$a186 sider
=336  \\$atekst$0http://rdaregistry.info/termList/RDAContentType/1020$2rdaco
=337  \\$auformidlet$0http://rdaregistry.info/termList/RDAMediaType/1007$2rdamt
=338  \\$abind$0http://rdaregistry.info/termList/RDACarrierType/1049$2rdact
=490  1\$aEn Feber-krim$v[2]
=500  \\$a1. utgave (innbundet) 2022
=520  \\$aMeidel André Jonsson har en far i fengsel og en mor på psykiatrisk, og da bestefaren dør blir han alene i huset og i livet. I hodet sitt har han mange kamre: et for lek, et for gode ideer, et for faenskap. Og et kammer for smerte og erkjennelse, som han vil lukke for alltid. Nå har Meidel ingenting igjen å tape. Men når han handler på Kiwi, kommer han i snakk med den unge jenta i kassen, og han aner en mulighet. Etterforsker Eddie Feber er et kraftfelt på jobb, og hjemme har han et hus fullt av unger og kona Karmen som skriver krimromaner. Flere mennesker i byen får besøk om natten av en lysende skikkelse med et våpen i hendene. Feber har ikke mye å gå etter, annet enn en lapp der det står 833. Feber har sine helt egne metoder, noen vil si han går over grensen.
=650  27$aFeber, Eddie (fiktiv person)$0(NO-OsBA)1204891$2bibbi$9nno
=650  27$aFeber, Eddie (fiktiv person)$0(NO-OsBA)1204891$2bibbi$9nob
=655  \7$aKrim$0(uri)https://id.nb.no/vocabulary/ntsf/159$2ntsf
=655  \7$aRomaner$0(uri)https://id.nb.no/vocabulary/ntsf/258$2ntsf
=700  1\$aFossum, Karin$d1954-$tNatteløperen$0(NO-TrBIB)90608300
=800  1\$aFossum, Karin$d1954-$tEn Feber-krim$v2$0(NO-TrBIB)90608300
=852  8\$b0030100$cg00005$hNA/A 2023:2217
=852  8\$b0183334$cg00005
=856  \\$aaja.bs.no$qimage/jpeg$uhttps://media.aja.bs.no/3d6eae00-7f8f-4c93-9a21-8f6cea68f8bd/original.jpg$3Omslagsbilde
=856  \\$aaja.bs.no$qimage/jpeg$uhttps://media.aja.bs.no/3d6eae00-7f8f-4c93-9a21-8f6cea68f8bd/thumbnail.jpg$3Miniatyrbilde
=856  40$3$yNB Digital plikt$uhttp://urn.nb.no/URN:NBN:no-nb_pliktmonografi_000018658$z
=856  40$uhttps://urn.nb.no/URN:NBN:no-nb_pliktmonografi_000018658$3Fulltekst$yNettbiblioteket$zDigital representasjon
=856  42$3Forlagets beskrivelse (lang)$uhttps://contents.bibs.aws.unit.no/content/?isbn=9788202789862
=856  42$3Miniatyrbilde$uhttps://contents.bibs.aws.unit.no/files/images/small/2/6/9788202789862.jpg$qimage/jpeg
=856  42$3Omslagsbilde$uhttps://contents.bibs.aws.unit.no/files/images/large/2/6/9788202789862.jpg$qimage/jpeg
=856  42$3Originalt bilde$uhttps://contents.bibs.aws.unit.no/files/images/original/2/6/9788202789862.jpg$qimage/jpeg
=913  \\$aNorbok$bNB

