=LDR  01338nam a2200337 c 4500
=001  999920397902402202
=005  20230612173623.0
=007  ta
=008  230425s2023\\\\fi\\\\\e\|||||||||1|fin|\
=020  \\$a978-951-0-484067$qinnbundet
=035  \\$a(EXLNZ-47BIBSYS_NETWORK)999922133175302201
=040  \\$aNO-OsNB$bnob$erda
=041  1\$afin$hnob
=082  04$a839.82374$qNO-OsNB$223/nor/20230426
=100  1\$aFossum, Karin$d1954-$0(NO-TrBIB)90608300$4aut
=240  10$aHelvetesilden$lFinsk
=245  10$aHelvetintuli$cKarin Fossum
=264  \1$aHelsinki$bJohnny Kniga$c[2023]
=300  \\$a255 sider
=336  \\$atekst$0http://rdaregistry.info/termList/RDAContentType/1020$2rdaco
=337  \\$auformidlet$0http://rdaregistry.info/termList/RDAMediaType/1007$2rdamt
=338  \\$abind$0http://rdaregistry.info/termList/RDACarrierType/1049$2rdact
=655  \7$aRomaner$0(uri)https://id.nb.no/vocabulary/ntsf/258$2ntsf
=700  1\$aFossum, Karin$d1954-$tHelvetesilden$lFinsk$0(NO-TrBIB)90608300
=700  1\$aTeva, Tarja$d1967-$0(NO-TrBIB)11073043$4trl
=700  1\$iOversettelse av:$aFossum, Karin$d1954-$tHelvetesilden$lNorsk$0(NO-TrBIB)90608300
=765  0\$tHelvetesilden$w991334555994702201$z978-82-02-43824-1
=852  8\$b0030100$cg00005$hNA/A 2023:2893
=913  \\$aNorbok$bNB
=913  \\$aNORLA$bNB
=960  \\$an$9local

