=LDR  02949cam a2200493 c 4500
=001  999920423095202202
=005  20231128131111.0
=007  ta
=008  230602s2023\\\\no\\\\\e\||||||0|\1\nob|\
=020  \\$a9788202806415$cNkr 449.00$qinnbundet
=035  \\$a(EXLNZ-47BIBSYS_NETWORK)999922178815302201
=035  \\$a(NO-DIMO)a3802c69-f66d-4e0f-a964-d9dca0b97f3f
=035  \\$a(NO-OsBA)0687675
=035  \\$a(NO-OsBAS)150465251
=035  \\$aoai:bibbi.bs.no:0687675
=035  \\$aoai:nb.no:pliktmonografi_000023674
=040  \\$aNO-OsBA$bnob$erda$dNO-OsNB
=080  \\$a839.6
=082  04$a839.82374$qNO-OsBA$223/nor
=100  1\$aFossum, Karin$d1954-$0(NO-TrBIB)90608300$4aut
=240  10$aFarvel, Farah Diba
=245  10$aFarvel, Farah Diba$cKarin Fossum
=250  \\$a1. utgave
=264  \1$aOslo$bCappelen Damm$c2023
=300  \\$a315 sider
=336  \\$atekst$0http://rdaregistry.info/termList/RDAContentType/1020$2rdaco
=337  \\$auformidlet$0http://rdaregistry.info/termList/RDAMediaType/1007$2rdamt
=338  \\$abind$0http://rdaregistry.info/termList/RDACarrierType/1049$2rdact
=490  1\$aEn Feber-krim$v[3]
=520  \\$aI Fossums ferske kriminalroman kommer en mann farende inn på politihuset, han halter og roper at datteren hans er borte. Hun er snart 6 år. Etterforsker Eddie Feber har selv en datter på samme alder. Kandis forsvant midt på dagen. Hun hadde blå kjole og hårsløyfe, joggesko og det mørke håret samlet i en lang flette. Pappa Alfie René er en plaget mann, synlig preget av en tidligere motorsykkelulykke og oppslukt av fortvilelse over datterens forsvinning. Mamma Fayroz Mohaved er død av kreft. En jente er blitt observert på lageret i en Joker-butikk og i en blå kassebil ved en bensinstasjon, nær skogområdet Natvig. Er Kandis bortført av en overgriper? Er den lille jenta i den vakre kjolen tatt med langt inn i den mørke skogen? Etter hvert som dagene går, blir håpet om å finne jenta levende til et desperat og kanskje urealistisk ønske.
=536  \\$aKulturfond
=650  27$aFeber, Eddie (fiktiv person)$0(NO-OsBA)1204891$2bibbi$9nno
=650  27$aFeber, Eddie (fiktiv person)$0(NO-OsBA)1204891$2bibbi$9nob
=655  \7$aKrim$0(uri)https://id.nb.no/vocabulary/ntsf/159$2ntsf
=655  \7$aRomaner$0(uri)https://id.nb.no/vocabulary/ntsf/258$2ntsf
=700  1\$aFossum, Karin$d1954-$tFarvel, Farah Diba$0(NO-TrBIB)(NO-TrBIB)90608300
=800  1\$aFossum, Karin$d1954-$tEn Feber-krim$v3$0(NO-TrBIB)90608300
=852  8\$b0030100$cg00005$hNA/A 2023:5414
=852  8\$b0183334$cg00005
=856  40$3$yNB Digital plikt$uhttp://urn.nb.no/URN:NBN:no-nb_pliktmonografi_000023674$z
=856  40$uhttps://urn.nb.no/URN:NBN:no-nb_pliktmonografi_000023674$3Fulltekst$yNettbiblioteket$zDigital representasjon
=856  42$3Forlagets beskrivelse (lang)$uhttps://contents.bibs.aws.unit.no/content/?isbn=9788202806415
=913  \\$aKulturfond$bNB
=913  \\$aNorbok$bNB

