=LDR  01753njm a22004097c 4500
=001  999920467274502202
=005  20240411212232.0
=007  cr||||||||||||
=007  sr||||||||||||
=008  231201t20232023no\|||||o########|#|und|#
=024  1\$a197190461183
=028  01$aTNS2301063$bThe Norwegian Sound
=035  \\$a(EXLNZ-47BIBSYS_NETWORK)999922295767902201
=035  \\$a(NO-OsNB)UPC_197190461183
=035  \\$aoai:nb.no:pliktmusikk_UPC_197190461183
=040  \\$bnob$dNO-OsNB$erda
=245  00$aFørjulsminner$cGrethe Karin Fossum
=264  \1$a[Norge]$bThe Norwegian Sound$c2023-12-01
=264  \4$c℗ 2023
=300  \\$a1 online (nettilkoblet) ressurs
=306  \\$a000507
=336  \\$aframført musikk$0http://rdaregistry.info/termList/RDAContentType/1011$2rdaco
=337  \\$adatamaskin$0http://rdaregistry.info/termList/RDAMediaType/1003$2rdamt
=338  \\$aonline (nettilkoblet) ressurs$0http://rdaregistry.info/termList/RDACarrierType/1018$2rdact
=508  \\$aProdusent, Marius Bergseth
=511  0\$aGrethe Karin Fossum
=588  \\$aImportert fra Orchard
=690  \\$aChristmas$2orchard$9local
=690  \\$aHoliday$2orchard$9local
=700  1\$aBergseth, Marius$4pro
=700  1\$aFossum, Grethe Karin$4cre$4https://id.nb.no/vocabulary/perfrel/1
=856  40$3$yNB Digital plikt$uhttp://urn.nb.no/URN:NBN:no-nb_pliktmusikk_UPC_197190461183$zSingel
=856  40$uhttps://urn.nb.no/URN:NBN:no-nb_pliktmusikk_UPC_197190461183$3Fulltekst$yNettbiblioteket$zSingel
=856  42$uhttps://www.nb.no/services/image/resolver/URN:NBN:no-nb_pliktmusikk_UPC_197190461183_image_001/full/0,200/0/native.jpg$3Omslagsbilde$qimage/jpeg$yNettbiblioteket
=913  \\$aMusikk$bNB
=913  \\$aNordisko$bNB
=991  \\$aComponent parts

