=LDR  01821nja a22004217c 4500
=001  999920467275702202
=005  20240411212231.0
=007  cr||||||||||||
=007  sr||||||||||||
=008  231201t20232023no\|||||o########|#|nor|#
=024  0\$aQMFMG2304631
=035  \\$a(EXLNZ-47BIBSYS_NETWORK)999922295767802201
=035  \\$a(NO-OsNB)UPC_197190461183_01_0001
=035  \\$aoai:nb.no:pliktmusikk_UPC_197190461183_01_0001
=040  \\$bnob$dNO-OsNB$erda
=100  1\$aFossum, Grethe Karin$4https://id.nb.no/vocabulary/perfrel/1$4cre
=245  10$aFørjulsminner$cGrethe Karin Fossum, creator
=264  \1$a[Norge]$bThe Norwegian Sound$c2023-12-01
=264  \4$c℗ 2023
=300  \\$a1 online (nettilkoblet) ressurs (1 lydfil)
=306  \\$a000507
=336  \\$aframført musikk$0http://rdaregistry.info/termList/RDAContentType/1011$2rdaco
=337  \\$adatamaskin$0http://rdaregistry.info/termList/RDAMediaType/1003$2rdamt
=338  \\$aonline (nettilkoblet) ressurs$0http://rdaregistry.info/termList/RDACarrierType/1018$2rdact
=344  \\$adigital$0http://rdaregistry.info/termList/typeRec/1002$2rdatr
=347  \\$alydfil$0http://rdaregistry.info/termList/fileType/1001$2rdaft
=347  \\$bFLAC
=508  \\$aProdusent, Marius Bergseth
=511  0\$aGrethe Karin Fossum
=588  \\$aImportert fra Orchard
=690  \\$aChristmas$2orchard$9local
=690  \\$aHoliday$2orchard$9local
=700  1\$aBergseth, Marius$4pro
=773  0\$tFørjulsminner$d[Norge] : The Norwegian Sound, 2023-12-01$g1:1$w(NO-OsNB)UPC_197190461183
=856  40$3$yNB Digital plikt$uhttp://urn.nb.no/URN:NBN:no-nb_pliktmusikk_UPC_197190461183_01_0001$z
=856  40$uhttps://urn.nb.no/URN:NBN:no-nb_pliktmusikk_UPC_197190461183_01_0001$3Fulltekst$yNettbiblioteket$zSpor
=913  \\$aNordisko$bNB
=999  \\$aCP$9local

