=LDR  01412nam a2200349 c 4500
=001  999920468901802202
=005  20231208085750.0
=007  ta
=008  231205s2023\\\\rm\\\\\e\|||||||||0|rum|\
=020  \\$a978-606-8959-86-3$qheftet
=035  \\$a(EXLNZ-47BIBSYS_NETWORK)999922296870002201
=040  \\$aNO-OsNB$bnob$erda
=041  1\$arum$hnob
=082  04$a839.8238$qNO-OsNB$223/nor/20231208
=100  1\$aFossum, Karin$d1954-$0(NO-TrBIB)90608300$4aut
=240  10$aHviskeren$lRumensk
=245  10$aCea care șoptește$cKarin Fossum
=264  \1$aBucurești$bCrime Scene Press$c[2023]
=300  \\$a299 sider
=336  \\$atekst$0http://rdaregistry.info/termList/RDAContentType/1020$2rdaco
=337  \\$auformidlet$0http://rdaregistry.info/termList/RDAMediaType/1007$2rdamt
=338  \\$abind$0http://rdaregistry.info/termList/RDACarrierType/1049$2rdact
=655  \7$aKrim$0(uri)https://id.nb.no/vocabulary/ntsf/159$2ntsf
=655  \7$aRomaner$0(uri)https://id.nb.no/vocabulary/ntsf/258$2ntsf
=700  1\$aDromereschi, Iulia$0(NO-TrBIB)1615358752986$4trl
=700  1\$aFossum, Karin$d1954-$tHviskeren$lRumensk$0(NO-TrBIB)90608300
=700  1\$iOversettelse av:$aFossum, Karin$d1954-$tHviskeren$lNorsk$0(NO-TrBIB)90608300
=765  0\$tHviskeren$w999920144095102201$z978-82-02-52631-3
=852  8\$b0030100$cg00005$hNA/A 2023:8319
=913  \\$aNorbok$bNB
=913  \\$aNORLA$bNB
=960  \\$an$9local

