=LDR  02717cam a2200421 c 4500
=001  999920490300602202
=005  20240223104915.0
=007  ta
=008  231204s2024\\\\no\\\\\e\||||||||\1|nob|\
=020  \\$a9788202829575$cNkr 229.00$qheftet
=035  \\$a(EXLNZ-47BIBSYS_NETWORK)999922297659402201
=035  \\$a(NO-OsBA)0707721
=035  \\$aoai:bibbi.bs.no:0707721
=040  \\$aNO-OsBA$bnob$erda$dNO-OsNB
=082  04$a839.82374$qNO-OsBA$223/nor
=100  1\$aFossum, Karin$d1954-$0(NO-TrBIB)90608300$4aut
=240  00$aFarvel, Farah Diba
=245  10$aFarvel, Farah Diba$cKarin Fossum
=264  \1$aOslo$bCappelen Damm$c2024
=300  \\$a315 sider
=336  \\$atekst$0http://rdaregistry.info/termList/RDAContentType/1020$2rdaco
=337  \\$auformidlet$0http://rdaregistry.info/termList/RDAMediaType/1007$2rdamt
=338  \\$abind$0http://rdaregistry.info/termList/RDACarrierType/1049$2rdact
=490  1\$aEn Feber-krim$v[3]
=500  \\$a1. utgave 2023
=520  \\$aEn mann kommer farende inn på politihuset, han halter og roper at datteren hans er borte. Hun er snart 6 år. Etterforsker Eddie Feber har selv en datter på samme alder. Kandis forsvant midt på dagen. Hun hadde blå kjole og hårsløyfe, joggesko og det mørke håret samlet i en lang flette. Pappa Alfie René er en plaget mann, synlig preget av en tidligere motorsykkelulykke og oppslukt av fortvilelse over datterens forsvinning. Mamma Fayroz Mohaved er død av kreft. En jente er blitt observert på lageret i en Joker-butikk og i en blå kassebil ved en bensinstasjon, nær skogområdet Natvig. Er Kandis bortført av en overgriper? Er den lille jenta i den vakre kjolen tatt med langt inn i den mørke skogen? Etter hvert som dagene går, blir håpet om å finne jenta i live til et desperat og kanskje urealistisk ønske.
=650  27$aFeber, Eddie (fiktiv person)$0(NO-OsBA)1204891$2bibbi$9nno
=650  27$aFeber, Eddie (fiktiv person)$0(NO-OsBA)1204891$2bibbi$9nob
=655  \7$aKrim$0(uri)https://id.nb.no/vocabulary/ntsf/159$2ntsf
=655  \7$aRomaner$0(uri)https://id.nb.no/vocabulary/ntsf/258$2ntsf
=700  1\$aFossum, Karin$d1954-$tFarvel, Farah Diba$0(NO-TrBIB)90608300
=800  1\$aFossum, Karin$d1954-$tEn Feber-krim$v3$0(NO-TrBIB)90608300
=852  8\$b0030100$cg00005$hNA/A 2024:1297
=852  8\$b0183334$cg00005
=856  \\$aaja.bs.no$qimage/jpeg$uhttps://media.aja.bs.no/07544fa4-6f9d-47ab-b725-a6fb77ada59e/original.jpg$3Omslagsbilde
=856  \\$aaja.bs.no$qimage/jpeg$uhttps://media.aja.bs.no/07544fa4-6f9d-47ab-b725-a6fb77ada59e/thumbnail.jpg$3Miniatyrbilde
=856  42$3Forlagets beskrivelse (lang)$uhttps://contents.bibs.aws.unit.no/content/?isbn=9788202829575
=913  \\$aNorbok$bNB

