=LDR  01958nam a2200433 c 4500
=001  999920502095502202
=005  20240603113451.0
=007  ta
=008  240314s2024\\\\ua\\\\\e\|||||00||1\ara|\
=020  \\$a9789773198756$qheftet
=035  \\$a(EXLNZ-47BIBSYS_NETWORK)999922365256102201
=040  \\$aNO-OsNB$bnob$erda
=041  1\$aara$bnob
=082  04$a839.82374$qNO-OsNB$223/20240510
=100  1\$aFossum, Karin$d1954-$0(NO-TrBIB)90608300$4aut
=240  10$aDen som frykter ulven$lArabisk
=245  13$6880-01$aal-Khāʼif min al-dhiʼb :$briwyah min al-Nurwij$cKarin Fusum
=880  13$6245-01/(3/r$aالخائف من الذئب :$bرواية من النروج$cكارين فوسم
=264  \1$aal-Qāhira$bal-ʻArabi lil-nashr wa-al-tawziʻ$c2024
=300  \\$a343 sider
=336  \\$atekst$0http://rdaregistry.info/termList/RDAContentType/1020$2rdaco
=337  \\$auformidlet$0http://rdaregistry.info/termList/RDAMediaType/1007$2rdamt
=338  \\$abind$0http://rdaregistry.info/termList/RDACarrierType/1049$2rdact
=490  1\$6880-02$aSasah al-muhaqqaq Kunrad Siir$v3
=490  1\$6880-03$aRiwayah mutarjamah
=880  1\$6490-02/(3/r$aساساه المحقق كونراد سيير$v3
=880  1\$6490-03/(3/r$aروايات مترجمة
=536  \\$aNORLA
=655  \7$aKrim$0(uri)https://id.nb.no/vocabulary/ntsf/159$2ntsf
=655  \7$aRomaner$0(uri)https://id.nb.no/vocabulary/ntsf/258$2ntsf
=700  1\$a'Adil, Hind$0(NO-TrBIB)1689826982571$4trl
=700  1\$aFossum, Karin$d1954-$tDen som frykter ulven$lArabisk$0(NO-TrBIB)90608300
=700  1\$iOversettelse av:$aFossum, Karin$d1954-$tDen frykter ulven$lNorsk$0(NO-TrBIB)90608300
=765  0\$tDen som frykter ulven$w999710795794702201$z82-02-16738-8
=800  1\$aFossum, Karin$d1954-$tEn Konrad Sejer-krim$lArabisk$v3$0(NO-TrBIB)90608300
=830  0\$aRiwayah mutarjamah
=852  8\$b0030100$cg00005$hNA(A 2024:2419
=913  \\$aNorbok$bNB
=913  \\$aNORLA$bNB

