=LDR  05036nam a2200733 c 4500
=001  999920503498802202
=005  20240419164513.0
=007  ta
=008  191213s2019\\\\sp\\\\\e\||||||00|1|spa|\c
=020  \\$a978-84-17651-37-4$qheftet
=035  \\$a(EXLNZ-47BIBSYS_NETWORK)999920962874502201
=040  \\$aNO-OsNB$bnob$erda
=041  1\$aspa$hnob
=082  04$a839.8238008$qNO-OsNB$223/nor/20240402
=130  0\$aMujeres de los fiordos
=245  00$aMujeres de los fiordos:$brelatos de escritoras noruegas$cVV. AA.
=250  \\$aTercera edición
=260  \\$aMadrid$bNórdica Libros$cfebrero de 2019
=300  \\$a185 sider
=336  \\$atekst$0http://rdaregistry.info/termList/RDAContentType/1020$2rdaco
=337  \\$auformidlet$0http://rdaregistry.info/termList/RDAMediaType/1007$2rdamt
=338  \\$abind$0http://rdaregistry.info/termList/RDACarrierType/1049$2rdact
=490  1\$aColección letras nórdicas$v11
=500  \\$aInneholder utdrag fra 11 romaner av norske forfattere
=505  0\$aHambre intensa, náusea súbita / Trude Marstein ; traducción del noruego de Cristina Gómez-Baggethun. Amor / Hanne Ørstavik ; traducción del noruego de Juan Gutiérrez-Maupomé. El largo paseo / Beate Grimsrud ; traducción del noruego de Gabriela Macchi. El mar de la tranquilidad / Merethe Lindstrøm ; traducción del noruego de Anne-Lise Cloetta y M.a Josep Udina. Las hermanas en el parque / Gro Dahle ; traducción del noruego de Pablo Osorio. La columna / Karin Fossum ; traducción del noruego de Carmen Freixanet. Pequeña laguna, escúchame / Inger Haldis Halvari ; traducción del noruego de Kirsti Baggethun. El buen corazón / Karin Sveen ; traducción del noruego de Ulrikke Kase Evensen. Mirador con sol / Laila Stien ; traducción del noruego de Mario Puertas. El motivo / Herbjørg Vassmo ; traducción del noruego de Inés Armesto. Una petunia olvidada / Bjørg Vik ; traducción del noruego de Lorena Catalina López.
=536  \\$aNORLA
=655  \7$aAntologier$0(uri)https://id.nb.no/vocabulary/ntsf/15$2ntsf
=700  1\$aArmesto, Inés$0(NO-TrBIB)1707990461596$4trl
=700  1\$aBaggethun, Kirsti$d1944-$0(NO-TrBIB)90584630$4trl
=700  1\$aCloetta, Anne-Lise$0(NO-TrBIB)4042350$4trl
=700  1\$aEvensen, Ulrikke Kase$0(NO-TrBIB)1707990461595$4trl
=700  1\$aFreixanet, Carmen$d1954-$0(NO-TrBIB)12002530$4trl
=700  1\$aGómez Baggethun, Cristina$d1974-$0(NO-TrBIB)10053482$4trl
=700  1\$aGutiérrez-Maupomé, Juan Cristián$d1961-$0(NO-TrBIB)1523345894633$4trl
=700  1\$aLópez, Lorena Catalina$0(NO-TrBIB)1707990461598$4trl
=700  1\$aMacchi, Gabriella$d1962-$0(NO-TrBIB)1707990461592$4trl
=700  1\$aOsorio, Pablo$d1966-$0(NO-TrBIB)1507616671432$4trl
=700  1\$aPuertas, Mario$d1965-$0(NO-TrBIB)11039704$4trl
=700  1\$aUdina, Joseph$0(NO-TrBIB)1707990461594$4trl
=700  1\$iOversettelse av:$aDahle, Gro$d1962-$tSøstrene i parken$kUtvalg$lNorsk$0(NO-TrBIB)90066876
=700  1\$iOversettelse av:$aFossum, Karin$d1954-$tSøylen$kUtvalg$lNorsk$0(NO-TrBIB)90608300
=700  1\$iOversettelse av:$aGrimsrud, Beate$d1963-2020$tDen lange turen$kUtvalg$lNorsk$0(NO-TrBIB)90324824
=700  1\$iOversettelse av:$aHalvari, Inger Haldis$d1952-$tLille tjern, hør meg!$kUtvalg$lNorsk$0(NO-TrBIB)90184451
=700  1\$iOversettelse av:$aLindstrøm, Merethe$d1963-$tStillhetens hav$kUtvalg$lNorsk$0(NO-TrBIB)90233060
=700  1\$iOversettelse av:$aMarstein, Trude$d1973-$tSterk sult, plutselig kvalme$kUtvalg$lNorsk$0(NO-TrBIB)99000603
=700  1\$iOversettelse av:$aØrstavik, Hanne$d1969-$tKjærlighet$kUtvalg$lNorsk$0(NO-TrBIB)90778985
=700  1\$iOversettelse av:$aStien, Laila$d1946-$tVeranda med sol$kUtvalg$lNorsk$0(NO-TrBIB)90078719
=700  1\$iOversettelse av:$aSveen, Karin$d1948-$tDet gode hjertet$kUtvalg$lNorsk$0(NO-TrBIB)90089510
=700  1\$iOversettelse av:$aWassmo, Herbjørg$d1942-$tMotivet$kUtvalg$lNorsk$0(NO-TrBIB)90095668
=700  12$aDahle, Gro$d1962-$tSøstrene i parken$kUtvalg$lSpansk$0(NO-TrBIB)90066876
=700  12$aFossum, Karin$d1954-$tSøylen$kUtvalg$lSpansk$0(NO-TrBIB)90608300
=700  12$aGrimsrud, Beate$d1963-2020$tDen lange turen$kUtvalg$lSpansk$0(NO-TrBIB)90324824
=700  12$aHalvari, Inger Haldis$d1952-$tLille tjern, hør meg!$kUtvalg$lSpansk$0(NO-TrBIB)90184451
=700  12$aLindstrøm, Merethe$d1963-$tStillhetens hav$kUtvalg$lSpansk$0(NO-TrBIB)90233060
=700  12$aMarstein, Trude$d1973-$tSterk sult, plutselig kvalme$kUtvalg$lSpansk$0(NO-TrBIB)99000603
=700  12$aØrstavik, Hanne$d1969-$tKjærlighet$kUtvalg$lSpansk$0(NO-TrBIB)90778985
=700  12$aStien, Laila$d1946-$tVeranda med sol$kUtvalg$lSpansk$0(NO-TrBIB)90078719
=700  12$aSveen, Karin$d1948-$tDet gode hjertet$kUtvalg$lSpansk$0(NO-TrBIB)90089510
=700  12$aWassmo, Herbjørg$d1942-$tMotivet$kUtvalg$lSpansk$0(NO-TrBIB)90095668
=830  \0$aLetras nórdicas$v11
=852  8\$b0030100$cg00005$hNA/A 2024:1870
=913  \\$aNorbok$bNB
=913  \\$aNORLA$bNB
=960  \\$an$9local

