=LDR  01320nam a2200337 c 4500
=001  999920510196802202
=005  20240424095043.0
=007  ta
=008  240423s2024\\\\fi\\\\\e\|||||||||1|fin|\
=020  \\$a978-951-0-48399-2$qinnbundet
=035  \\$a(EXLNZ-47BIBSYS_NETWORK)999922380059102201
=040  \\$aNO-OsNB$bnob$erda
=041  1\$afin$hnob
=082  04$a839.82374$qNO-OsNB$223/nor/20240424
=100  1\$aFossum, Karin$d1954-$0(NO-TrBIB)90608300$4aut
=240  10$aHviskeren$lFinsk
=245  10$aKuiskaaja$cKarin Fossum
=264  \1$aHelsinki$bJohnny Kniga$c[2024]
=300  \\$a368 sider
=336  \\$atekst$0http://rdaregistry.info/termList/RDAContentType/1020$2rdaco
=337  \\$auformidlet$0http://rdaregistry.info/termList/RDAMediaType/1007$2rdamt
=338  \\$abind$0http://rdaregistry.info/termList/RDACarrierType/1049$2rdact
=655  \7$aRomaner$0(uri)https://id.nb.no/vocabulary/ntsf/258$2ntsf
=700  1\$aFossum, Karin$d1954-$tHviskeren$lFinsk$0(NO-TrBIB)90608300
=700  1\$aTeva, Tarja$d1967-$0(NO-TrBIB)11073043$4trl
=700  1\$iOversettelse av:$aFossum, Karin$d1954-$tHviskeren$lNorsk$0(NO-TrBIB)90608300
=765  0\$tHviskeren$w999920144095102201$z978-82-02-52631-3
=852  8\$b0030100$cg00005$hNA/A 2024:2356
=913  \\$aNorbok$bNB
=913  \\$aNORLA$bNB
=960  \\$an$9local

