=LDR  01523nam a2200361 c 4500
=001  999920510196902202
=005  20240424101553.0
=007  ta
=008  240423s2024\\\\sw\\\\\e\|||||||||1|swe|\
=020  \\$a978-91-37-50958-7$qheftet
=035  \\$a(EXLNZ-47BIBSYS_NETWORK)999922380059402201
=040  \\$aNO-OsNB$bnob$erda
=041  1\$aswe$hnob
=082  04$a839.82374$qNO-OsNB$223/nor/20240424
=100  1\$aFossum, Karin$d1954-$0(NO-TrBIB)90608300$4aut
=240  10$aBakom synger døden$lSvensk
=245  10$aDär döden väntar$cKarin Fossum
=264  \1$a[Stockholm]$bBokförlaget Forum$c[2024]
=300  \\$a323 sider
=336  \\$atekst$0http://rdaregistry.info/termList/RDAContentType/1020$2rdaco
=337  \\$auformidlet$0http://rdaregistry.info/termList/RDAMediaType/1007$2rdamt
=338  \\$abind$0http://rdaregistry.info/termList/RDACarrierType/1049$2rdact
=655  \7$aKrim$0(uri)https://id.nb.no/vocabulary/ntsf/159$2ntsf
=655  \7$aRomaner$0(uri)https://id.nb.no/vocabulary/ntsf/258$2ntsf
=700  1\$aFossum, Karin$d1954-$tBakom synger døden$lSvensk$0(NO-TrBIB)90608300
=700  1\$aSvenn, Gösta$d1962-$0(NO-TrBIB)7063717$4trl
=700  1\$aSvenn, Helena Sjöstrand$d1969-$0(NO-TrBIB)1542227321531$4trl
=700  1\$iOversettelse av:$aFossum, Karin$d1954-$tBakom synger døden$lNorsk$0(NO-TrBIB)90608300
=765  0\$tBakom synger døden$w999921117890302201$z9788202670511
=852  8\$b0030100$cg00005$hNA/A 2024:2357
=913  \\$aNorbok$bNB
=913  \\$aNORLA$bNB
=960  \\$an$9local

