=LDR  01509nam a2200385 c 4500
=001  999920518901602202
=005  20240524113954.0
=007  ta
=008  240514s2024\\\\xo\\\\\e\|||||||||1|slo|\
=020  \\$a978-80-8268-102-7$qinnbundet
=035  \\$a(EXLNZ-47BIBSYS_NETWORK)999922411172202201
=040  \\$aNO-OsNB$bnob$erda
=041  1\$aslo$hnob
=082  04$a839.82374$qNO-OsNB$223/nor/20240515
=100  1\$aFossum, Karin$d1954-$0(NO-TrBIB)90608300$4aut
=240  10$aSvarte sekunder$lSlovakisk
=245  10$aTemné sekundy$cKarin Fossum
=250  \\$aPrvé vydanie
=264  \1$a[Martin]$bMamaš$c2024
=300  \\$a230 sider
=336  \\$atekst$0http://rdaregistry.info/termList/RDAContentType/1020$2rdaco
=337  \\$auformidlet$0http://rdaregistry.info/termList/RDAMediaType/1007$2rdamt
=338  \\$abind$0http://rdaregistry.info/termList/RDACarrierType/1049$2rdact
=536  \\$aNORLA
=655  \7$aKrim$0(uri)https://id.nb.no/vocabulary/ntsf/159$2ntsf
=655  \7$aRomaner$0(uri)https://id.nb.no/vocabulary/ntsf/258$2ntsf
=700  1\$aFossum, Karin$d1954-$tSvarte sekunder$lSlovakisk$0(NO-TrBIB)90608300
=700  1\$aPetrášová, Alexandra$0(NO-TrBIB)1707990463941$4trl
=700  1\$iOversettelse av:$aFossum, Karin$d1954-$tSvarte sekunder$lNorsk$0(NO-TrBIB)90608300
=765  0\$tSvarte sekunder$w990216462524702201$z82-02-22302-4
=852  8\$b0030100$cg00005$hNA/A 2024:2739
=913  \\$aNorbok$bNB
=913  \\$aNORLA$bNB
=960  \\$an$9local
=991  \\$aComponent parts

