=LDR  01502nam a2200373 c 4500
=001  999920518902302202
=005  20240514142248.0
=007  ta
=008  240514s2023\\\\ne\\\\\e\|||||||||1|dut|\
=020  \\$a978-90-225-9846-7$qheftet
=035  \\$a(EXLNZ-47BIBSYS_NETWORK)999922411175502201
=040  \\$aNO-OsNB$bnob$erda
=041  1\$adut$hnob
=082  04$a839.82374$qNO-OsNB$223/nor/20240514
=100  1\$aFossum, Karin$d1954-$0(NO-TrBIB)90608300$4aut
=240  10$aNatteløperen$lNederlandsk
=245  10$aNachtloper$cKarin Fossum
=264  \1$aAmsterdam$bBoekerij$c2023
=300  \\$a234 sider
=336  \\$atekst$0http://rdaregistry.info/termList/RDAContentType/1020$2rdaco
=337  \\$auformidlet$0http://rdaregistry.info/termList/RDAMediaType/1007$2rdamt
=338  \\$abind$0http://rdaregistry.info/termList/RDACarrierType/1049$2rdact
=536  \\$aNORLA
=655  \7$aKrim$0(uri)https://id.nb.no/vocabulary/ntsf/159$2ntsf
=655  \7$aRomaner$0(uri)https://id.nb.no/vocabulary/ntsf/258$2ntsf
=700  1\$aFossum, Karin$d1954-$tNatteløperen$lNederlandsk$0(NO-TrBIB)90608300
=700  1\$aMaertens, Sofie$d1981-$0(NO-TrBIB)13002019$4trl
=700  1\$aVanhee, Michiel$d1981-$0(NO-TrBIB)1542227329326$4trl
=700  1\$iOversettelse av:$aFossum, Karin$d1954-$tNatteløperen$lNorsk$0(NO-TrBIB)90608300
=765  0\$tNatteløperen$w999921796236102201$z9788202769611
=852  8\$b0030100$cg00005$hNA/A 2024:2737
=913  \\$aNorbok$bNB
=913  \\$aNORLA$bNB
=960  \\$an$9local

