=LDR  01806nam a2200421 c 4500
=001  999920533097702202
=005  20240709114404.0
=007  ta
=008  240627s2024\\\\gw\\\\\e\|||||||||1|ger|\
=020  \\$a978-3-98750-047-3$qheftet
=035  \\$a(EXLNZ-47BIBSYS_NETWORK)999922481365902201
=040  \\$aNO-OsNB$bnob$erda
=041  1\$ager$hnob
=082  04$a839.82374$qNO-OsNB$223/nor/20240705
=100  1\$aFossum, Karin$d1954-$0(NO-TrBIB)90608300$4aut
=240  10$aNatteløperen$lTysk
=245  14$aDer Nachtläufer :$bRoman$cKarin Fossum
=264  \1$a[Tyskland]$bSAGA Egmont$c2024
=300  \\$a306 sider
=336  \\$atekst$0http://rdaregistry.info/termList/RDAContentType/1020$2rdaco
=337  \\$auformidlet$0http://rdaregistry.info/termList/RDAMediaType/1007$2rdamt
=338  \\$abind$0http://rdaregistry.info/termList/RDACarrierType/1049$2rdact
=490  1\$aEddie-Feber-Reihe
=500  \\$aEtterfølger: Familienbande
=536  \\$aNORLA
=655  \7$aKrim$0(uri)https://id.nb.no/vocabulary/ntsf/159$2ntsf
=655  \7$aRomaner$0(uri)https://id.nb.no/vocabulary/ntsf/258$2ntsf
=700  1\$aFossum, Karin$d1954-$tNatteløperen$lTysk$0(NO-TrBIB)90608300
=700  1\$aHoffmann, Roland$0(NO-TrBIB)90229164$4trl
=700  1\$iEtterfølger (uttrykk):$aFossum, Karin$d1954-$tDrepende drage, angrende hund$lTysk$0(NO-TrBIB)90608300
=700  1\$iEtterfølges av:$aFossum, Karin$d1954-$tFarvel, Farah Diba$0(NO-TrBIB)90608300
=700  1\$iOversettelse av:$aFossum, Karin$d1954-$tNatteløperen$lNorsk$0(NO-TrBIB)90608300
=765  0\$tNatteløperen$w999921796236102201$z9788202769611
=800  1\$aFossum, Karin$d1954-$tEddie-Feber-Reihe$lTysk$0(NO-TrBIB)90608300
=852  8\$b0030100$cg00005$hNA/A 2024:3676
=913  \\$aNorbok$bNB
=913  \\$aNORLA$bNB
=960  \\$an$9local

