=LDR  01635nam a2200409 c 4500
=001  999920533098302202
=005  20240705081258.0
=007  ta
=008  240627s2024\\\\dk\\\\\e\|||||||||1|dan|\
=020  \\$a9788727147710$qinnbundet
=035  \\$a(EXLNZ-47BIBSYS_NETWORK)999922481367902201
=040  \\$aNO-OsNB$bnob$erda
=041  1\$adan$hnob
=082  04$a839.82374$qNO-OsNB$223/nor/20240705
=100  1\$aFossum, Karin$d1954-$0(NO-TrBIB)90608300$4aut
=240  10$aNatteløperen$lDansk
=245  10$aNatteløberen$cKarin Fossum
=250  \\$a1. udgave
=264  \1$a[København]$bLindhardt & Ringhof$c2024
=300  \\$a254 sider
=336  \\$atekst$0http://rdaregistry.info/termList/RDAContentType/1020$2rdaco
=337  \\$auformidlet$0http://rdaregistry.info/termList/RDAMediaType/1007$2rdamt
=338  \\$abind$0http://rdaregistry.info/termList/RDACarrierType/1049$2rdact
=490  1\$aEn Feber-krimi$v[1]
=536  \\$aNordisk ministerråd
=588  \\$aSerietittel fra løst omslag
=655  \7$aKrim$0(uri)https://id.nb.no/vocabulary/ntsf/159$2ntsf
=655  \7$aRomaner$0(uri)https://id.nb.no/vocabulary/ntsf/258$2ntsf
=700  1\$aEinarsson, Dorte$0(NO-TrBIB)15041753$4trl
=700  1\$aFossum, Karin$d1954-$tNatteløperen$lDansk$0(NO-TrBIB)90608300
=700  1\$iOversettelse av:$aFossum, Karin$d1954-$tNatteløperen$lNorsk$0(NO-TrBIB)90608300
=765  0\$tNatteløperen$w999921796236102201$z9788202769611
=800  1\$aFossum, Karin$d1954-$tEn Feber-krim$lDansk$v1$0(NO-TrBIB)90608300
=852  8\$b0030100$cg00005$hNA/A 2024:3671
=913  \\$aNorbok$bNB
=913  \\$aNORLA$bNB
=960  \\$an$9local

