=LDR  01646nam a2200361 c 4500
=001  999920533100402202
=005  20240702105720.0
=007  ta
=008  240626s2024\\\\ua\\\\\e\|||||00||1\ara|\
=020  \\$z9789773190872$qheftet
=035  \\$a(EXLNZ-47BIBSYS_NETWORK)999922481372902201
=040  \\$aNO-OsNB$bnob$erda
=041  1\$aara
=082  04$a839.2374$qNO-OsNB$223/nor/20240626
=100  1\$aFossum, Karin$d1954-$0(NO-TrBIB)90608300$4aut
=240  10$aDjevelen holder lyset$lArabisk
=245  13$6880-01$aal-Shayṭān yaqud al-ṭarīq :$briwyah min al-Nurwij$cKarin Fusum
=880  13$6245-01/(3/r$aالشيطان يقود الطريق :$bرواية من النروج$cكارين فوسم
=264  \1$aal Qāhirah$bal-Arabi lil-nashr wa-al-tawzi'$c2024
=300  \\$a344 sider
=336  \\$atekst$0http://rdaregistry.info/termList/RDAContentType/1020$2rdaco
=337  \\$auformidlet$0http://rdaregistry.info/termList/RDAMediaType/1007$2rdamt
=338  \\$abind$0http://rdaregistry.info/termList/RDACarrierType/1049$2rdact
=490  1\$aSasah al-muhaqqaq "Kunrad Siyr"$v4
=536  \\$aNORLA
=655  \7$aKrim$0(uri)https://id.nb.no/vocabulary/ntsf/159$2ntsf
=655  \7$aRomaner$0(uri)https://id.nb.no/vocabulary/ntsf/258$2ntsf
=700  1\$a'Adil, Hind$0(NO-TrBIB)1689826982571$4trl
=700  1\$aFossum, Karin$d1954-$tDjvelen holder lyset$lArabisk$0(NO-TrBIB)90608300
=700  1\$iOversettelse av:$aFossum, Karin$d1954-$tDjevelen holder lyset$lNorsk$0(NO-TrBIB)90608300
=800  1\$aFossum, Karin$d1954-$ten konrad sajer krim$v4$0(NO-TrBIB)90608300
=852  8\$b0030100$cg00005$hNA/A 2024:3199
=913  \\$aNORLA$bNB

